1083 1563
203 119 234 135 '06
264 123 377 136 utrumnum
388 123 405 135 II(
415 123 472 135 ORDINE
483 123 504 135 ΔΙ)
514 123 556 135 ΒΒΙΤΙ
566 122 677 135 communio
687 123 787 136 mmmmm.
794 128 815 131 —
823 124 857 136 AM·-
866 123 924 136 mVIl'I

204 168 239 187 pter
253 166 381 183 immutationem
393 170 493 187 organorum.
506 166 579 186 Insuper,
587 165 599 181 Α
607 165 648 181 lucis
657 165 726 186 angelici
736 166 832 182 intellectus,
840 166 885 182 Unde
894 166 985 182 secundum

204 195 254 211 quum
269 191 360 207 intellectus
372 191 433 207 fei-ntur
447 191 464 206 in
476 195 510 206 rem
524 195 580 206 secun-

204 215 241 231 dum
255 216 298 236 quod
312 216 328 232 iu
341 216 395 232 anima
409 217 438 234 cst,
454 215 517 231 scilicet
533 217 580 236 prout

204 240 252 256 habet
271 240 349 256 rationem
367 240 410 259 veri,
430 240 491 261 indiget
509 240 525 255 in
543 241 580 255 actu

204 265 303 285 intelligendi
319 265 350 281 alio
365 265 435 286 quodam
448 264 501 280 medio
519 264 580 280 lumine

203 294 231 305 seu
246 290 387 308 demonstratione,
400 294 429 310 per
442 294 478 310 quae
492 289 581 304 deducatur

203 318 228 329 res
242 314 262 329 ad
277 318 312 330 esse
328 314 429 334 intelligibile
441 313 579 334 proportionatum

203 338 297 354 intellectui.
305 338 382 355 Voluntas
391 340 445 354 autem
455 338 516 358 absque
527 337 580 353 medio

203 362 254 378 fertur
264 363 281 378 in
291 367 325 379 rem
335 363 424 379 secuudum
434 363 477 383 quud
489 363 504 378 in
516 366 533 378 se
545 362 580 382 ipsa

202 390 227 403 est
240 392 244 403 z
256 388 300 404 unde
312 392 341 404 nec
354 388 414 408 indiget
426 389 444 403 ut
456 392 490 403 rem
502 387 521 403 nd
536 386 579 402 alind

202 417 238 428 esse
245 413 322 433 perducat
329 412 360 428 sibi
369 412 506 433 proportionatum
511 415 515 431 3
521 413 537 427 et
544 411 580 427 ideo

202 437 273 453 deficere
285 437 341 458 nequit
353 437 393 458 quin
406 437 422 452 in
432 437 546 457 quodcumque
557 436 579 451 fe-

607 190 727 211 Hieronymum,
744 190 845 211 significatur
861 195 890 212 per
906 191 984 211 aquilam,

607 215 645 235 quia
656 216 681 230 est
692 220 785 235 supremum
797 215 814 231 in
827 215 898 234 bomine,
909 217 925 231 et
937 215 985 231 ratio-

607 239 659 255 nalem
668 240 744 256 virtutem
752 240 872 256 transcendens.
878 249 898 251 —
905 240 949 256 Sicut
956 244 985 255 au-

607 266 640 280 tem
653 269 684 280 non
697 265 776 285 contingit
788 265 887 281 intellectum
899 269 952 281 errare
967 265 984 280 in

607 289 698 309 cognitione
706 289 794 310 primorum
800 289 916 310 principiorum
925 289 941 305 in
948 293 985 310 spe-

607 313 687 332 culativis,
699 314 738 334 quin
749 318 813 335 semper
824 315 903 334 repugnet
912 314 928 329 ei
940 314 984 334 quod

607 340 662 353 contra
673 338 701 353 illa
712 338 792 359 principia
801 338 868 358 dicitur;
876 338 900 354 sic
908 343 937 354 nee
947 343 984 359 syn-

607 362 672 381 deresis,
678 367 714 383 qum
722 363 795 384 superior
802 363 872 379 scintilla
879 363 945 379 rationis
951 365 983 381 ost,

607 387 623 403 in
635 387 710 408 practicis
722 388 779 408 primis
789 388 874 409 principiis
884 389 931 406 errat,
942 388 982 408 quin

607 412 700 428 naturaliter
709 412 724 428 ei
735 414 814 433 repugnet
824 412 866 433 quod
877 414 932 428 contra
939 412 983 433 prin-

606 436 649 457 cipia
659 437 711 457 prima
721 437 814 453 naturaliter
824 437 855 453 sibi
863 437 914 453 indita
921 437 983 453 contin-

202 463 250 477 ratur⁴
264 462 294 478 Sed
307 462 398 478 intellectus
412 466 444 477 non
458 461 541 482 quodlibet
556 461 633 482 in-Bgit
649 470 669 473 -
684 461 760 482 Denique,
776 462 817 477 sicut
832 461 923 478 intellectus
939 462 984 477 cirea

203 486 275 506 telligere
283 488 340 507 potest,
345 486 383 507 quia
390 486 479 502 necessaria
487 485 539 501 media
547 489 578 501 non

203 511 255 527 habet*
266 520 287 523 —-
296 511 415 527 Advertendum
425 512 449 527 est
458 515 527 532 quoque,
536 510 578 531 quod

203 536 219 551 in
232 536 328 556 cogitatione
341 536 357 551 in
370 537 447 556 quantum
459 537 483 551 est
497 535 578 555 cogitatio,

203 565 235 576 non
249 562 274 576 est
288 560 318 576 nisi
334 562 417 581 peccatum
432 560 512 578 vanitatis,
527 564 577 580 quum

202 585 264 601 scilicet
275 585 365 601 intellectus
378 584 469 600 utilioribus
484 589 501 600 se
511 589 578 605 oocupa-

203 615 219 626 re
234 610 312 630 deberet;
328 610 356 625 sed
371 611 424 630 potest
441 614 476 625 esse
494 611 577 630 peecatum

202 635 219 650 in
229 635 319 655 cogitando,
327 634 365 650 dum
375 634 450 655 cogitatio
460 636 525 655 propter
536 634 578 649 dele—

202 659 288 675 ctationem
304 659 397 675 nssumitur.
415 659 434 674 Et
450 658 534 674 delectatio
551 658 578 674 illa

202 686 226 700 est
236 684 252 700 in
264 683 386 704 concupiscibili
396 683 422 699 vel
432 683 514 699 irascibili,
523 683 578 699 Pecca-

202 711 236 724 tum
249 713 287 724 vero
298 708 335 727 tale,
349 708 430 724 reducitur
441 708 460 724 ud
474 708 514 723 illud
527 712 578 728 genus

202 734 219 749 in
230 738 262 754 quo
273 735 297 749 est
306 735 351 749 actus
361 733 435 749 exterior.

276 817 399 834 ARTICULUS
411 817 502 833 CXXVIII.

202 858 229 873 An
249 857 326 876 “aperior
343 856 414 872 rationis
434 857 507 871 scintilla
526 857 577 876 possit

222 879 319 899 cwctinquif
326 881 341 894 et
349 881 406 894 utrum
417 879 517 894 conscientia
526 879 577 898 pos-xil

222 906 285 916 errare.

238 954 311 971 UONIAM
322 954 411 970 secuudum
421 954 463 970 Isaac
474 954 490 969 in
500 954 541 970 libro
549 954 577 970 De·

245 979 429 997 finitionum,retionalis
437 979 490 994 anima
498 978 514 994 in
523 978 578 994 umbra

201 1003 311 1024 intelligentia
323 1003 364 1019 fecta
374 1005 404 1021 est,
414 1005 477 1024 oportet
487 1005 505 1019 ut
516 1003 577 1024 aliquid

201 1029 221 1045 de
233 1028 332 1049 perfectione
346 1030 362 1044 et
377 1028 425 1044 modo
439 1028 538 1048 intelligendi
554 1028 577 1044 in-

607 486 658 507 prima
673 486 754 507 principia
768 486 784 502 in
799 491 816 502 se
832 486 932 502 considerata
949 490 983 502 non

606 512 654 529 errat,
662 510 690 526 sed
698 512 746 531 prout
756 515 784 531 per
794 510 864 531 ineptam
875 510 983 527 ratiocinatio-

606 540 643 551 nem
651 535 670 551 ad
678 535 734 551 falsam
742 535 862 551 conclusionem
869 536 982 551 deducuntur:

606 559 629 575 sic
640 560 695 575 lumen
706 560 796 580 synderesis
807 560 824 575 in
835 565 852 576 se
863 565 945 581 nunquam
956 565 984 576 ex-

606 584 703 604 stinguitur;
713 584 741 600 sed
751 586 799 605 prout
808 584 903 601 deliberatio
912 585 984 606 applicm

607 611 632 624 tur
649 609 669 624 ad
685 609 805 625 conclusionem
822 609 914 630 operabilis,
930 611 984 630 poten

606 638 641 649 esse
652 633 730 652 defectus,
740 633 766 650 vel
778 636 844 655 propter
856 634 934 655 impetum
947 639 983 655 pas-

606 658 661 677 sionis,
669 660 697 674 aut
704 663 775 674 errorem
784 658 887 678 inductionis,
893 659 983 675 secundum

606 683 649 704 quod
656 683 738 699 conclusio
746 688 778 699 non
785 685 828 699 recte
836 683 983 700 infertum—Licet

606 712 670 728 quoque
683 708 699 723 in
713 708 792 729 superiori
807 708 868 724 ratione
882 709 933 729 possit
946 713 983 725 esne

607 734 696 753 peccatum,
708 737 740 748 non
751 735 805 748 tamen
817 733 833 748 iu
844 733 932 754 synderesi,
944 734 983 754 quia

587 757 598 773 C
606 757 697 778 synderesis
708 759 732 773 eat
742 757 786 773 aliud
796 762 806 773 a
816 758 895 778 superiori
906 758 968 774 ratione
978 763 982 774 :

605 787 643 798 nem
657 782 746 798 secundum
761 783 882 804 Hieronymum,
894 785 919 799 est
933 788 983 804 aupra

605 809 654 823 totam
664 807 748 823 rationem.

625 832 641 847 Si
649 833 703 848 autem
711 832 748 852 quis
755 834 816 852 arguat,
825 832 867 853 quod
877 832 894 848 in
902 832 982 848 hereticis

606 861 637 872 non
647 856 711 872 videtur
718 856 779 877 aliquid
787 861 906 872 remurmurare
915 857 930 872 ei
938 857 982 877 quod

605 885 660 896 eorum
675 882 735 896 sectam
750 881 828 899 defendit,
844 886 874 897 uec
888 881 905 897 in
919 881 982 897 vitiosis

605 905 633 926 qui
642 905 684 921 malo
691 905 747 921 habitu
755 905 826 926 corrupti
834 908 877 924 sunt,
885 906 900 922 ei
908 906 928 922 ad
938 906 982 926 quod

605 930 703 946 desiderium
711 930 786 950 inclin2t3
795 930 930 951 respondendum,
938 930 982 951 quod

605 954 677 970 naturale
690 954 744 970 lumen
755 959 787 970 non
802 954 865 970 sufficit
877 956 895 970 ut
907 955 922 971 ei
934 959 982 975 repu<

604 981 642 999 gnet
653 979 695 1000 quod
707 979 745 995 fidei
757 979 832 995 dissentit
842 984 845 995 :
856 981 872 995 et
883 979 919 995 ideo
929 979 982 1000 quoad

605 1003 676 1019 naturale
687 1003 747 1022 lumen,
756 1006 810 1019 manet
819 1003 909 1024 synderesia
920 1004 983 1024 integra

605 1028 622 1044 in
635 1028 733 1044 infidelibus.
745 1028 772 1044 Vel
785 1028 877 1047 dicendum,
890 1028 933 1049 quod
945 1033 982 1049 syn-

201 1053 294 1074 telligentiae
305 1058 333 1069 seu
345 1053 403 1073 angeli,
414 1053 430 1068 in
442 1053 496 1068 anima
508 1054 576 1068 maneat.
584 1053 597 1069 D
604 1053 665 1069 defesis
672 1057 736 1073 semper
746 1055 854 1069 remurmurat
863 1053 905 1069 malo
914 1053 930 1068 in
938 1057 982 1069 eom-

200 1078 271 1099 Angelus
280 1079 334 1094 autem
343 1077 378 1093 sine
389 1077 498 1098 inquisitione,
506 1077 577 1098 simplici

200 1103 277 1124 adspectu
287 1102 363 1123 intelligit
371 1106 374 1117 :
383 1104 399 1118 et
409 1102 445 1118 ideo
453 1102 507 1118 anima
516 1102 536 1118 de
548 1102 577 1117 hac

200 1128 299 1149 perfectione
309 1132 366 1148 purum
376 1127 467 1147 participat.
475 1126 514 1142 Nam
524 1129 540 1142 et
549 1126 576 1142 ali-

200 1157 237 1173 qua,
253 1152 329 1167 videlicet
344 1151 396 1172 prima
412 1151 496 1172 principia,
512 1153 544 1167 tam
560 1151 576 1167 in

200 1176 286 1198 operativis
298 1181 347 1197 quam
360 1176 375 1192 iu
388 1176 497 1197 speculativis,
510 1176 545 1192 sine
553 1176 577 1191 in-

200 1201 287 1222 quisitione
295 1200 375 1221 intelligit.
384 1200 450 1216 Habitus
457 1203 511 1216 autem
519 1200 577 1217 borum

200 1226 318 1247 principiorum
332 1225 349 1241 in
364 1225 467 1246 speculativis
481 1225 541 1241 dicitur
554 1225 577 1241 iu<

200 1251 279 1269 tellectns,
295 1251 311 1266 in
327 1250 414 1271 operativis
428 1254 466 1266 vero
480 1250 576 1271 synderesis.

200 1276 237 1292 Hac
248 1277 302 1291 autem
316 1275 373 1293 virtus,
386 1274 456 1290 scintilla
470 1275 536 1291 rationis
551 1279 577 1291 vo-

201 1302 246 1316 catur
257 1305 260 1316 :
272 1300 310 1321 quia
322 1300 371 1315 instar
383 1299 457 1315 scintillae
468 1299 489 1315 ab
502 1299 538 1320 igne
550 1304 578 1316 vo-

201 1325 255 1343 lantis,
263 1329 329 1346 parvum
338 1324 393 1340 lumen
402 1326 427 1340 est
436 1324 494 1340 animm
503 1326 577 1345 respectu

605 1077 691 1097 muni;sed
699 1077 741 1098 quod
747 1078 763 1093 in
771 1077 846 1093 bieretico
851 1082 883 1093 non
891 1082 982 1093 remurmu—

605 1104 634 1121 rat,
644 1104 669 1118 cst
679 1104 744 1123 propter
753 1102 877 1123 applicationem
886 1102 982 1119 universali·

605 1127 680 1148 principii
695 1127 715 1142 ad
731 1127 827 1148 particulare
842 1131 887 1148 opus.
902 1127 982 1143 Similiter

604 1152 652 1168 estin
662 1152 726 1170 vitioso,
734 1151 751 1167 in
760 1156 793 1172 quo
802 1156 847 1168 error
856 1152 939 1172 contingit,
948 1156 980 1168 non

605 1178 669 1197 propter
681 1176 762 1192 defectum
774 1176 845 1193 scientim
858 1177 874 1192 in
886 1177 980 1196 universali,

604 1201 632 1217 sed
640 1201 656 1217 iu
665 1201 756 1222 particulari
764 1201 819 1217 evenit
825 1206 870 1217 error
877 1202 938 1217 ratione
945 1206 981 1222 pas—

604 1226 654 1242 sionis
666 1228 694 1241 aut
706 1226 781 1247 impetus.
795 1226 839 1242 Unde
854 1228 920 1247 propter
934 1226 981 1242 incli-

604 1250 685 1266 nationem
702 1250 772 1269 babitus,
787 1251 812 1267 vel
829 1250 912 1267 libidinem
927 1253 980 1270 actua,

604 1279 635 1291 nou
653 1275 741 1296 percipitur
757 1280 831 1291 murmur
846 1276 942 1296 synderesis.
960 1285 981 1288 —

603 1300 657 1318 Porro,
669 1299 685 1315 in
696 1299 776 1316 damnatis
787 1302 841 1316 monet
852 1300 935 1317 inclinatio
947 1306 981 1322 qua

604 1325 652 1340 bomo
659 1324 753 1340 naturaliter
762 1325 797 1341 vult
806 1325 872 1344 bonum,
880 1330 912 1341 non
923 1326 980 1347 utique
