1083 1563
213 124 234 141 2⁰
408 129 428 140 na
438 128 500 140 turm
510 128 570 140 matu
581 128 600 140 ιη
609 128 645 139 vani
656 128 687 139 nei.
699 133 719 135 —
729 129 764 140 ,im-i
776 128 797 140 vn

213 171 262 187 altius
273 171 377 190 elementum,
390 171 452 187 scilicet
464 171 524 191 ignem,
538 171 588 191 sphae-
596 170 609 186 Α
616 171 699 187 conditum
710 173 738 187 esti
747 171 803 187 Omnis
813 172 867 187 autern
880 170 993 186 intellectualis

215 201 235 212 ria
245 201 309 217 quoque
319 201 347 212 seu
356 196 402 212 orbes
413 196 497 211 inferiores
509 200 518 211 a
527 195 589 216 superi-

214 221 269 236 oribus
277 221 428 240 circumieruntur);
435 222 472 236 ante
479 220 534 236 omnia
541 220 590 240 igitur

215 246 244 261 ista
256 245 322 261 mobilia
332 247 356 261 est
368 250 418 261 unum
430 245 496 261 omnino
507 244 589 261 immobile

215 275 287 289 movens,
295 270 370 286 omnibus
380 270 456 285 virtutem
467 269 590 290 efficaciamque

215 295 290 310 movendi
304 294 402 315 originaliter
416 299 434 310 ae
450 294 555 310 immobiliter
567 294 590 309 in-

215 319 280 335 fluens:
292 323 323 335 non
334 319 377 335 enim
389 319 421 334 itur
433 319 448 334 in
460 318 549 334 inlinitum.
558 318 590 334 Hoc

215 346 268 359 autem
276 345 301 359 est
308 344 350 359 Deus
358 343 454 359 benedictus
461 345 478 358 et
485 345 555 359 sauctus.

235 368 255 384 At
269 372 307 384 vero
322 368 385 383 nullum
401 367 461 383 mobile
475 369 500 383 est
513 367 544 383 sibi
560 367 590 388 ipsi

214 393 259 411 linis,
274 393 302 408 sed
317 392 427 413 proesupponit
441 392 502 412 aliquid
516 394 553 407 ante
567 396 590 409 se,

214 417 260 438 prius
267 422 286 433 ac
297 417 361 437 dignius
373 416 414 437 ipso,
422 416 465 437 quod
475 416 496 432 sit
505 416 544 432 linis
553 416 591 437 ipsi-

214 447 239 457 us.
252 442 303 457 Motus
316 441 359 457 euim
371 441 455 457 ordinatur
468 441 488 456 ad
502 441 541 456 finis
555 440 591 456 ada-

617 197 673 211 natura
685 196 724 211 citra
737 196 792 214 Deum,
804 196 864 211 nedum
876 195 952 213 deficere,
965 195 993 211 sed

617 222 633 236 et
646 224 712 241 peecare
722 224 807 241 errareque
820 222 877 241 potest,
889 220 926 241 quia
938 225 947 235 ι
960 219 993 235 fine

618 244 675 261 ultimo
687 245 739 261 distat,
751 245 783 260 Hoc
796 245 864 261 Thomas
875 249 924 265 super
936 249 993 260 secun-

617 269 656 285 dum
667 269 785 285 Sententiarum
797 269 864 290 pulchre
875 269 944 285 deducit.

638 294 717 314 Amplius,
726 294 824 314 ubicumque
833 294 914 310 invenitur
922 294 993 309 medium

618 323 638 334 ex
645 319 721 334 extremis
731 319 844 339 compositum,
852 318 901 334 etiam
912 318 994 339 reperiun-

619 345 645 359 tur
656 345 727 359 extrema
739 343 825 363 simplicia.
838 343 874 359 um
889 345 943 359 autem
959 348 994 364 pro-

619 367 677 389 positio
691 367 711 383 ab
723 367 807 383 Aristotele
822 368 897 386 sumitur,
910 369 926 383 et
938 367 958 383 ab
970 367 994 383 Al-

619 392 664 408 berto
676 392 732 412 lit-gno
742 392 834 413 frequenter
846 392 933 407 inducitur.
946 392 995 412 Cujus

618 416 711 437 exemplum
725 419 750 432 est
765 421 768 432 z
782 421 818 432 narn
833 421 883 437 quum
896 417 917 432 sit
933 421 961 432 ens
975 421 994 432 ex

619 443 655 457 actu
666 441 769 462 potentiaque
784 441 897 462 compositumy
911 443 928 457 ut
940 441 995 459 homo,

215 466 287 487 ptiouem
300 470 328 481 seu
341 465 416 486 copulam
429 470 433 481 ῑ
446 465 489 481 unde
503 465 546 486 quod
558 467 610 482 [ιω-Β
620 466 666 486 lapis,
679 465 749 485 coelum3
764 470 829 481 necesse
844 468 869 481 est
881 470 916 481 esse
934 466 995 486 aliquid

214 493 267 509 vetur,
278 490 327 506 distat
337 495 346 505 a
358 490 397 508 line,
409 492 425 506 et
436 490 487 505 fertur
499 490 518 505 ad
531 489 590 510 ipsum.

215 515 235 531 Et
245 515 287 531 sieut
298 516 365 531 testatur
375 514 481 535 Philosophus
492 514 509 530 in
520 514 562 530 libro
572 514 591 530 de

215 540 259 556 Coelo
269 542 285 555 et
297 539 356 555 mundo
369 544 373 555 :
385 539 430 557 Quod
443 539 472 555 [ini
484 539 591 560 propinquius

215 566 245 583 est,
258 564 360 580 uniformiori
372 564 501 584 simplicioriqne
513 565 558 579 motu
572 563 592 579 ad

215 589 268 609 ipsum
280 588 361 609 pertingit.
372 588 509 607 Quemadmodum
520 587 592 603 snbstan-

215 614 241 629 tiae
253 615 329 634 separata
342 617 374 629 uno
386 618 404 629 ac
419 613 489 633 simplici
503 615 540 628 actu
556 617 592 628 cou-

215 640 299 654 vertuntur
315 638 335 654 ad
350 638 400 653 Deum
418 637 443 653 vel
460 639 555 653 avertuntur
571 637 591 652 ab

215 663 250 683 ipso
256 667 260 678 :
266 662 348 683 quoniam,
356 662 402 683 jum
410 662 453 678 Isaac
461 661 548 677 Israelitam
557 661 591 682 phi-

216 687 307 708 losophum,
320 687 410 702 substantia
422 688 494 707 separata
505 686 522 702 in
535 686 592 701 umbro

215 711 274 727 divinae
284 711 324 727 lucis
334 716 362 727 seu
374 711 446 732 proxime
457 711 489 726 Deo
500 712 553 726 creata
561 712 590 726 est.

215 736 260 752 Unde
272 736 371 757 Augustinus
384 736 400 751 in
416 735 457 751 libro
469 735 591 751 Confessionum

619 490 662 511 quod
670 490 691 506 sit
698 490 770 511 potentia
777 492 845 509 tantum,
854 491 896 511 quod
904 490 994 511 appellatur

619 515 686 531 materia
698 515 755 536 prima,
766 515 828 536 aliquid
841 519 905 536 quoque
919 515 962 536 quod
975 515 996 530 sit

619 542 664 555 actus
673 542 742 558 tantum,
752 540 795 560 quod
805 542 829 555 est
840 540 886 555 Dens⁴
895 540 947 558 Quum
958 544 995 560 ergo

619 565 640 580 sit
650 564 711 585 aliquid
720 569 785 580 movens
797 566 863 582 motum,
873 566 890 580 ut
900 564 995 582 animatum,

619 589 662 609 quod
674 591 747 605 movetur
758 591 774 604 et
785 591 843 607 movet,
854 589 930 609 quoniam
942 591 996 604 movet

619 618 636 629 se
648 613 712 634 ipsum;
724 615 786 634 oportet
797 613 842 629 lateri
854 613 892 634 quia
903 613 923 629 sit
934 613 995 634 aliquid

619 638 662 658 quod
672 640 696 653 est
707 642 772 653 movens
783 640 850 656 tantum,
859 640 875 654 et
884 638 945 659 aliquid
953 638 995 659 quod

619 664 643 678 est
651 664 712 678 motum
723 664 791 678 tanturn.
799 662 937 681 Quemadmodum
947 662 996 683 igitur

619 691 675 703 ornnes
686 689 769 706 testantur,
778 687 794 702 id
803 687 846 708 qnod
858 689 882 703 est
894 689 955 703 motum
967 692 995 703 seu

619 711 678 727 mobile
691 713 759 730 tautum,
772 711 805 727 iore
818 716 846 727 ens
859 712 934 727 infimum
947 714 995 732 atque

619 736 716 752 vilissimum
726 737 772 757 (puta
782 736 865 752 materiam
876 736 951 757 primam,
960 741 995 757 quaa

214 760 234 776 ad
250 761 300 776 Deum
312 760 377 781 eloquia
389 764 450 781 ponens
463 764 467 775 z
480 760 514 776 Duo
525 760 592 780 (inquit)
600 762 611 778 C
619 761 708 776 secundum
724 761 838 782 Philosophum
856 761 924 782 septimo
939 761 995 777 Primae

215 785 278 804 creasti,
290 790 299 801 o
311 785 379 801 Domine
391 790 394 800 :
406 789 457 801 unum
469 789 519 806 prope
530 787 552 803 te,
563 785 592 800 sci-

215 810 253 826 licet
267 810 354 830 angelum3
369 809 413 825 aliud
429 813 478 830 prope
493 809 539 828 uihil,
553 811 591 830 puta

216 834 304 850 materiam.
315 834 407 850 Intellectus
418 838 456 850 voro
467 834 553 853 humanusy
563 834 591 854 qui

215 859 305 875 secundum
313 859 420 879 Augustiuum
428 860 444 874 et
451 859 499 877 Isaac,
508 859 525 874 in
535 858 591 874 umbra

215 884 268 899 ultimi
280 884 332 904 angeli
345 883 396 899 tactus
408 885 437 902 est,
450 883 504 899 multis
516 883 591 899 diversis-

215 913 247 929 que
262 908 333 924 motibus
348 908 405 924 ultimo
420 908 455 927 fini,
470 908 545 924 videlicet
559 908 591 924 Deo

215 933 284 952 excelso,
296 933 400 953 conjungitur
413 937 416 948 z
429 937 466 948 nam
479 933 495 948 in
507 932 591 948 ordinibus

215 957 349 973 intellectualium
360 957 472 975 essentiarum,
480 962 489 973 ι
500 957 532 973 Deo
543 957 591 972 maxi-

215 987 241 998 me
251 985 299 1003 atque
309 982 402 1003 longissime
412 982 464 998 disin,
473 982 530 1003 Liquet
537 982 591 1002 igitur,

215 1007 292 1028 quoniam
302 1009 339 1023 ante
347 1007 422 1022 universa
430 1006 495 1022 mobilia
505 1011 539 1022 esse
547 1011 592 1027 opor-

215 1034 238 1047 tet
245 1036 274 1047 ens
282 1031 361 1052 quoddam
372 1031 460 1050 immobiley
469 1031 511 1052 quod
521 1031 552 1047 sihi
560 1031 591 1051 ipsi

619 785 730 806 philosophia,
738 790 768 801 nec
778 788 801 801 est
812 785 856 806 quid,
865 790 894 801 nec
904 785 957 806 quale,
966 790 995 801 nee

619 812 696 831 quantum
708 814 712 826 ε
724 810 763 826 ratio
775 810 819 826 enim
832 810 882 831 ipsius
894 810 968 826 consistit
978 810 995 826 in

618 835 726 850 abstractione
733 835 753 850 ab
761 835 805 851 omni
815 835 872 853 forma,
881 837 912 850 tam
923 835 996 850 substau-

619 859 653 875 tiali
664 864 713 880 quam
726 859 837 879 accidentali„
850 859 873 875 sic
887 859 958 875 universi
974 859 996 875 iu<

619 884 699 904 telliguut,
706 884 721 899 id
729 884 771 904 quod
779 886 804 900 est
811 888 877 900 movens
885 886 954 902 tantum,
960 888 996 900 esse

619 913 647 924 eus
659 913 741 924 summum
754 913 772 924 ac
785 913 850 929 prorsus
864 908 978 929 dignissimum
992 913 995 925 ε

619 933 661 954 quod
672 935 697 949 est
708 933 749 948 Deus
760 933 838 953 gloriosus
849 935 865 948 et
875 933 919 949 felix.
932 933 996 949 Constat

619 962 656 978 ergo
668 957 757 973 clarissime
769 958 845 978 quoniam
857 960 915 973 cuncta
930 957 996 973 mobilia

619 982 699 998 antecedit
710 987 739 997 ens
754 982 834 1003 quoddam
848 982 945 998 altissimum
961 982 996 998 nul-

619 1007 681 1022 lateuus
692 1006 757 1022 mobile.

640 1032 675 1047 {ime
685 1033 739 1047 autem
751 1031 839 1052 propositio
850 1031 945 1050 introducta,
957 1036 996 1052 prae-

215 1057 237 1072 sit
246 1056 291 1074 finis,
299 1056 319 1071 ad
329 1056 371 1076 quod
382 1056 436 1072 omnin
446 1056 546 1072 ordinentur.
554 1056 591 1072 Tale
599 1057 612 1072 D
619 1056 674 1072 sertim
687 1056 703 1072 in
716 1056 822 1072 essentialiter
835 1056 943 1072 subordinatis
955 1056 996 1072 veri-

215 1085 280 1101 quoque
289 1085 318 1096 ens
330 1085 360 1096 nec
371 1085 430 1099 errare,
440 1085 470 1096 nec
482 1085 553 1101 peccare,
564 1085 591 1096 ue-

215 1110 247 1126 que
257 1105 327 1121 delicere
340 1107 392 1126 potest
402 1110 405 1120 :
416 1105 493 1126 quoniam
505 1105 558 1121 omnis
568 1110 592 1121 er-

216 1134 247 1149 ror,
257 1134 306 1146 omno
319 1132 402 1151 peecatum
415 1135 433 1145 ac
446 1130 499 1146 omnis
512 1130 590 1148 deiectus,

215 1156 281 1176 propter
294 1159 375 1170 recessum
388 1159 416 1170 seu
431 1154 567 1170 deordinationem
582 1159 591 1170 a

215 1179 249 1195 fine
259 1179 342 1200 contingit.
352 1179 405 1197 Quum
418 1179 471 1199 itaque
482 1179 552 1199 primum
562 1183 590 1194 ens

215 1204 236 1219 sit
243 1204 275 1219 sibi
283 1204 314 1224 ipsi
324 1203 368 1222 finis,
379 1204 422 1219 sicut
430 1208 439 1219 a
449 1208 466 1219 se
475 1204 510 1224 ipso
520 1204 590 1224 separari

215 1232 247 1244 non
261 1230 313 1249 potest
324 1233 353 1244 nec
366 1228 422 1243 reterri
434 1228 454 1243 ad
465 1228 514 1246 aliud,
527 1228 549 1243 ita
561 1232 590 1243 nec

214 1257 264 1272 error,
276 1257 305 1269 uec
317 1253 371 1274 culpa,
382 1257 435 1273 neque
445 1252 517 1268 deiectus
528 1253 544 1268 iu
556 1253 591 1273 ipso

214 1277 287 1293 accidere
298 1277 356 1293 valent.
365 1277 413 1293 Porro
424 1282 471 1293 omne
483 1279 554 1292 creatum
565 1277 591 1293 de-

214 1302 264 1318 iicere
272 1304 329 1323 potest,
338 1302 414 1323 quoniam
423 1302 483 1322 indiget
490 1304 591 1318 conservato-

214 1332 232 1343 re
237 1331 242 1348 5
249 1327 335 1343 annihilari
343 1327 391 1343 etiam
402 1328 460 1348 potest,
468 1327 506 1347 quia
513 1331 532 1343 ex
540 1327 591 1343 nihilo

619 1083 667 1096 tatem
680 1081 750 1096 sortitur.
764 1081 873 1096 Essentialiter
887 1085 925 1096 varo
939 1081 995 1097 subor-

619 1106 672 1121 dinata
684 1107 775 1124 censentur,
784 1110 853 1126 quorum
863 1110 913 1121 unum
921 1106 956 1121 siue
964 1105 996 1121 alio

619 1134 684 1146 causare
699 1134 731 1145 non
746 1132 803 1150 potest,
817 1132 834 1145 ut
846 1130 951 1148 elementum,
964 1134 995 1146 εω-

619 1154 658 1173 lum,
667 1154 777 1175 intelligentia.
786 1154 829 1170 Talia
839 1159 903 1175 quoque
913 1156 951 1170 suut
961 1155 995 1175 ipsa

619 1179 685 1195 mobilia
694 1181 742 1200 atque
753 1179 834 1195 moventia
843 1183 846 1194 ε
855 1184 892 1195 nam
904 1181 957 1195 motus
965 1181 995 1195 ter>

619 1204 694 1220 restrium
711 1203 791 1224 dependet
808 1208 817 1219 a
835 1206 879 1219 motu
898 1203 993 1219 ccelestium.

618 1228 689 1249 Oportety
708 1228 731 1244 ait
749 1228 860 1249 Philosophus,
879 1230 930 1244 toturn
951 1228 994 1244 hunc

619 1253 697 1269 mundum
712 1257 747 1269 esse
759 1253 852 1273 contiguum
867 1253 954 1269 lationihus
969 1258 994 1268 su-

618 1278 705 1299 periorumy
717 1280 734 1293 ut
746 1279 779 1293 tota
790 1278 825 1298 ejus
838 1280 907 1298 potestas
918 1277 955 1293 inde
965 1282 993 1298 gu-

618 1302 699 1318 bernetur,
713 1303 793 1318 Postremo
808 1303 824 1318 in
840 1303 874 1318 istis
889 1302 942 1318 taliter
956 1302 993 1318 sub-

618 1327 695 1344 ordinatis
712 1332 794 1348 nunquam
812 1328 876 1343 venitur
892 1327 912 1343 ad
928 1327 993 1348 aliquod

1001 274 1064 288 ⁶7.ssan

1000 294 1012 304 p.
1020 290 1050 300 5⁸2„
1056 292 1064 300 n
