1083 1563
133 563 163 574 ma.
167 564 178 576 ο,
184 564 199 574 ιι.

137 588 167 599 laia.
172 589 185 599 ω
189 590 200 599 ιι

133 608 156 619 κς.

133 660 150 672 1·⁴
157 664 177 673 nn,
182 661 199 671 n.

135 836 169 848 reor.
173 837 200 849 ..m

148 906 176 918 nu
183 907 200 917 η.

209 119 240 136 ³¹2

397 124 417 136 DE
427 124 537 136 umlrtcmla
548 124 566 136 H
577 124 661 136 namucus
671 124 702 136 em.
710 129 730 132 —
737 124 772 136 ΛΒΤ.
780 124 801 136 XX

209 167 284 183 vilissimi
292 167 316 183 illi
324 172 371 183 canes
381 172 418 183 cum
428 167 503 183 illusione
512 167 583 186 adorant,
591 167 604 183 A
612 172 648 183 rum
665 167 801 188 quemadmodum
815 167 950 188 Protoplastornm
967 166 988 182 ait

209 194 300 212 conspuunt
307 194 355 213 atque
365 192 462 212 percutiunt*
471 192 550 208 Continuo
557 197 584 207 au-

209 218 241 232 tem
252 221 272 232 ex
283 221 328 232 sacro
337 217 389 237 eapite
402 217 486 237 sanguinei
500 217 530 232 rivi
542 221 584 232 ema-

209 243 253 259 nant,
261 241 316 257 oculos
327 241 422 262 vultumque
429 241 552 261 sanguinolenta
559 246 584 256 ru-

210 265 267 281 bedine
275 266 391 281 humectantes.
398 266 433 281 Jam
441 270 484 284 vero,
492 266 529 281 lesu
537 266 583 284 bone,

209 290 277 306 decorus
290 292 327 306 tuus
341 290 395 306 vultus
408 290 467 311 pallore
482 292 498 306 et
510 294 583 309 moerore,

208 316 256 335 sputo
262 317 278 331 et
285 315 368 335 sauguine,
372 315 476 336 percussione
483 317 499 331 et
506 315 584 335 angustia,

208 339 231 355 sic
239 339 316 355 deformis
324 342 340 355 et
349 344 359 355 a
368 339 433 360 propria
444 340 497 360 speeie
507 339 585 355 alienatus

208 365 238 382 est,
246 366 264 379 ut
273 364 338 384 agnosci
348 364 375 379 vix
385 368 439 384 queas.

229 388 312 409 Egrederis
324 389 372 409 igitur
382 389 435 404 denuo
445 393 454 404 e
462 388 541 409 praetorio,
551 393 585 409 por-

208 415 243 429 tans
252 409 326 434 'spineam
336 418 411 429 coronam
422 415 438 429 et
449 418 548 434 purpureum
559 417 585 428 ve-

208 438 313 458 stimentum·y
321 438 407 458 statimque
417 440 432 453 te
442 438 521 458 conspicit
530 442 584 453 aman-

611 192 685 208 institnta
695 192 756 208 molitio
767 192 859 213 speculatus
869 192 905 207 esti
912 191 950 210 Quis
960 196 988 207 na-

611 216 667 232 turalis
675 217 692 232 in
700 217 732 232 illis
740 217 868 233 concreationem
875 215 987 237 justitia,quis

611 241 670 257 divina
682 241 829 262 prevaricationem
840 241 918 261 jussionis
928 240 987 256 intueri

612 265 675 286 qnivitl
683 266 711 282 Cui
722 266 752 281 hoe
763 265 838 284 innotuit,
846 266 888 286 qnod
896 265 988 281 Divinitatis

612 295 641 311 per
655 290 726 311 speeiem
741 290 787 308 visio.
800 290 870 306 hominis
885 290 923 305 t'inis
938 289 988 305 felici-

612 317 668 335 tasque
682 315 787 331 consisteret?
801 315 877 330 Mundum
893 314 914 330 ab
928 316 988 330 aeterno

612 339 667 358 ruisse,
680 344 689 355 a
702 339 754 360 primo
766 341 820 355 tamen
832 339 929 360 processisse
944 338 988 359 prin-

612 364 660 384 cipio,
675 364 718 380 Plato
733 366 748 380 et
759 364 852 380 Aristotelea
867 364 926 384 opinati
944 365 987 379 aunt.

612 388 662 404 Deum
671 393 735 409 quoque
742 393 771 409 per
778 389 865 405 essentiam
872 393 881 404 a
889 388 946 404 creatis
953 392 989 409 pors-

612 418 629 429 ae
645 413 749 434 contempl-ri
764 413 878 431 intellectibus,
893 413 946 429 omnis
962 412 989 428 illa

612 438 743 458 philosophorum
756 440 812 454 catena
822 438 886 459 penitus
897 437 948 453 sensit
959 437 989 453 im-

208 462 270 478 tissimn
284 464 312 478 tua
326 462 398 482 virginea
412 464 428 478 et
442 462 494 478 dulcis
506 462 584 480 Genitrix,
593 461 605 476 B
613 462 694 483 possibile.
706 462 791 483 Quumque
803 462 860 478 Christi
873 462 963 478 incarnatio
973 464 989 478 et

208 487 254 507 cujus
266 491 298 507 prae
309 487 416 502 amaritudine
427 491 454 502 cor
464 491 505 507 pene
516 487 584 502 scissum

207 513 237 529 est,
249 511 277 527 sed
292 513 308 527 et
323 516 355 532 prae
369 511 423 527 dolore
436 511 495 527 defecit
507 513 555 532 atque
568 511 584 526 in

207 536 294 556 semetipso
304 536 391 552 contabuit.
403 536 480 552 Viderunt
492 540 556 557 quoque
569 538 584 552 te

207 560 265 581 iniqui,
274 561 317 576 Tolle
325 563 341 576 et
351 561 430 581 crucifige
439 561 536 577 insonantes.
545 561 585 576 Tan-

207 585 244 600 dem
261 585 310 605 igitur
327 585 400 605 bajulans
417 585 446 601 tibi
461 590 531 603 crucem,
547 590 584 601 eum

208 609 295 625 latronibus
306 610 373 625 eductus
386 614 413 629 ea;
425 610 539 630 transfixisque
552 615 584 625 ma-

207 634 255 650 nibus
263 636 279 650 et
287 634 363 655 perfossis
374 634 441 655 pedibus
453 634 560 655 crucifigeris,
568 636 584 650 et

207 663 244 674 cum
255 659 337 674 sceleratis
346 661 429 679 reputatus
437 664 460 677 es,
468 661 516 679 atque
525 659 541 674 in
550 659 583 674 illo-

207 688 243 699 rum
252 683 305 699 medio
313 685 380 699 erectus*
389 683 432 699 Folle
440 688 504 704 quoque
514 685 583 704 potatus,

207 707 284 723 inclinato
291 708 343 728 eapite
351 708 426 728 spiritum
434 708 499 726 emittis,
506 712 542 723 mox
550 712 583 723 car-

207 732 224 748 ni
234 737 290 748 rursus
301 732 414 753 copulandum.

308 798 431 814 ARTICULUS
443 798 481 814 XX.

224 834 271 850 Quod
282 834 350 848 stultam
361 834 401 852 secl!
413 834 456 849 Deus
468 833 566 852 sapientiam

332 856 383 875 hujus
394 856 458 871 mundi>

246 905 284 920 UA?
293 905 344 919 stulta
356 907 395 919 sunt
407 905 467 919 mundi
476 905 523 923 eleqil
534 905 584 922 Deus,

251 931 269 944 ut
274 929 365 948 confundat
370 929 455 947 sapientes,
459 929 530 949 Denique
539 933 584 944 mun-

207 953 223 969 di
231 953 310 974 sapientia
317 953 408 969 biformiter
418 953 441 973 (ni
452 953 505 973 fallor)
516 953 585 973 intelligi

208 978 255 996 valet,
268 980 325 998 utputa
338 977 418 993 mundane
430 977 547 998 carnaliterque
562 978 584 993 vi-

208 1002 286 1021 ventium,
298 1004 314 1018 et
327 1002 365 1018 item
378 1002 489 1022 philosophica
501 1002 528 1017 illa
540 1004 584 1018 natu-

208 1027 278 1047 ralisque
285 1026 418 1047 philosophorum
427 1026 491 1042 theoria.
498 1027 584 1047 Utramque

613 492 655 503 murs
667 488 686 503 ad
698 487 761 503 amissae
773 487 856 503 ordinetur
870 487 988 508 reparationem

613 512 644 527 illis
657 512 714 532 ignotae
726 512 835 530 beatitudinis,
847 517 879 528 non
891 512 947 532 utique
959 512 989 527 mi-

612 541 653 555 rum,
662 536 675 552 ai
686 537 736 552 Deum
746 537 846 552 incarnatum
857 541 955 557 passumque
966 536 989 551 fa-

612 561 647 579 teri,
655 561 718 577 eximiae
725 561 822 577 arbitrentur
829 561 918 577 dementiae.
927 561 989 581 Nempe

611 585 631 601 ad
643 586 733 601 naturalem
745 591 793 606 quam
807 586 837 606 ipsi
850 586 932 601 dumtaxat
946 590 989 601 asse·

612 612 649 625 runt
657 610 755 628 felicitatem,
764 615 783 626 ex
791 610 836 631 puris
844 610 877 626 auis
888 610 989 626 naturalibus

611 634 694 650 hominem
704 634 789 650 adstruunt
799 635 890 655 pertingere
900 638 952 655 posse⁴

632 659 691 674 Horum
706 659 760 679 itaque
774 659 870 679 sapientiam
882 659 923 674 Deus
935 659 989 674 stulti-

611 683 650 698 tiam
662 685 725 704 repntat
734 687 737 699 ε
746 688 777 699 nou
786 683 831 704 quasi
840 683 855 699 id
866 683 908 704 quod
916 683 989 699 scientia

611 708 683 723 veritatis
698 710 728 726 est,
740 710 756 723 et
769 708 833 723 illorum
849 707 931 728 diligentia
946 712 990 723 com-

611 732 658 752 plexa
665 732 695 751 est,
703 732 787 748 stultitiam
795 734 823 748 aut
831 732 917 748 vanitatem
925 732 989 753 simpli-

591 755 602 771 C
611 757 651 772 citer
658 759 675 772 et
682 756 755 773 absolute
762 757 842 773 existimet
849 757 909 777 (omnis
917 761 989 777 namque

611 781 684 800 scientia,
697 781 717 797 de
731 786 799 797 numero
811 781 889 798 bonorum
903 782 989 798 honorabi-

612 806 651 821 lium
663 806 742 822 eensenda
754 808 788 826 est3
801 806 911 827 philosophica
923 811 990 827 quoque

612 831 678 849 theoria,
691 830 742 847 divini
755 835 790 846 esse
803 831 914 849 eternitatem,
927 831 990 852 simpli-

611 855 676 871 citatem
687 855 840 876 perfectionemque,
848 857 864 871 et
874 855 942 876 plurima
951 860 989 871 vera

611 881 659 900 atque
667 879 732 895 subtilia
743 881 812 895 scrutata
822 882 846 895 est
853 881 869 895 et
877 880 952 900 intuita);
960 880 989 895 sed

612 904 688 925 quoniam
706 904 744 920 dum
761 904 811 920 Deum
829 904 936 925 agnovissent,
955 909 988 920 non
996 909 1053 922 [ιω-,ει

611 930 688 949 tanquam
702 928 752 944 Deum
767 928 919 947 honorificaverunt,
935 934 989 949 neque

611 958 640 968 sua
648 955 691 969 recte
699 953 723 968 usi
734 955 771 969 sunt
781 953 864 973 sapientia,
872 953 901 969 sed
910 958 959 974 quam
971 953 989 969 fi-

612 977 637 993 dei
645 977 714 993 subdere
724 977 809 996 debebant,
818 982 847 998 per
855 978 896 993 hanc
904 983 922 994 se
929 978 953 993 illi
962 978 990 994 ob-

611 1002 684 1022 jecerunt
700 1006 703 1017 :
719 1002 835 1023 supernaturali
851 1002 912 1023 quippe
926 1002 991 1018 theoso-

612 1026 654 1047 phim
666 1026 755 1042 naturalem
767 1031 831 1042 omnem
847 1031 903 1047 parere
915 1027 990 1043 notitiam

207 1053 261 1067 autem
271 1051 336 1067 stultam
346 1051 385 1067 tecit
395 1051 441 1066 Deus.
450 1051 502 1067 Prima
509 1051 584 1071 equidem
593 1051 605 1067 D
613 1056 640 1072 par
651 1053 685 1070 est;
697 1055 750 1067 rerum
762 1055 827 1072 quoque
838 1053 926 1067 creatarum
938 1052 990 1067 notio-

208 1080 241 1092 non
251 1076 282 1091 nisi
292 1075 377 1096 proesentia
387 1075 450 1095 cogitat,
459 1080 511 1096 neque
520 1080 539 1091 ea
549 1080 584 1096 quaa

209 1100 275 1121 spiritus
285 1102 323 1116 sunt
333 1100 375 1120 sapit
385 1104 388 1115 :
400 1100 467 1120 ideoque
479 1100 560 1116 dominica
569 1100 585 1116 ei

208 1130 240 1141 non
259 1125 301 1145 sapit
319 1125 376 1145 passio.
395 1129 447 1145 neque
467 1124 585 1140 cruciformiter

208 1150 289 1166 Christum
299 1149 363 1170 assequi
373 1149 443 1164 molitur.

228 1175 276 1191 Porro
291 1174 367 1190 naturalis
379 1174 511 1194 philosophorum
523 1173 584 1189 theoria

208 1204 237 1215 seu
245 1199 317 1217 scientia,
325 1203 377 1219 noque
387 1198 466 1218 originem
474 1203 526 1219 neque
534 1198 584 1214 linem

208 1225 283 1240 humanae
295 1223 340 1241 novit
353 1223 444 1244 propaginis
458 1227 461 1238 z
475 1223 507 1243 imo
520 1227 550 1238 nec
562 1223 585 1239 in-

209 1248 297 1265 stitutionis
309 1248 358 1268 hujus
370 1247 385 1263 ei
399 1247 478 1263 maneries
493 1247 583 1263 innotescit.

208 1274 252 1289 Unde
263 1277 363 1293 consequens
374 1272 434 1288 sactum
444 1274 473 1290 est,
482 1273 500 1287 ut
510 1272 584 1288 humanas

207 1302 272 1319 quoque
287 1296 390 1313 beatitudinis
405 1296 457 1312 media
469 1296 528 1317 quibus
539 1296 583 1312 illam

207 1322 261 1338 sortiri
273 1321 336 1340 accidit,
348 1321 414 1341 ignoret.
426 1321 463 1339 Quis
476 1325 545 1341 namque
557 1326 582 1337 eo-

612 1080 649 1091 nem
659 1075 679 1091 ad
689 1075 780 1091 Divinitatis
789 1076 941 1096 contemplationem
953 1081 991 1092 con>

612 1100 655 1120 gruit
665 1100 746 1115 reducere,

632 1125 698 1143 Rursus,
710 1124 774 1140 stultam
787 1124 825 1140 iecit
837 1125 878 1140 Deus
891 1125 989 1141 mundanam

612 1149 713 1169 sapientiam,
728 1149 767 1165 dum
782 1149 798 1164 id
812 1149 856 1170 quod
871 1149 898 1165 illa
912 1151 944 1165 tam
961 1150 990 1165 im-

613 1173 690 1194 possibile
697 1174 776 1192 edisserit,
784 1179 813 1194 per
820 1174 903 1195 simplices
912 1174 990 1191 humiles-

612 1203 643 1219 que
651 1198 675 1214 sui
684 1198 765 1214 ministros
775 1200 807 1214 tarn
819 1199 940 1215 multilormiter
949 1200 988 1220 egit.

611 1223 685 1238 Divinam
697 1223 740 1239 enim
754 1223 829 1239 virtutem
841 1223 864 1239 nil
874 1228 923 1244 supra
933 1229 989 1240 rerum

611 1249 684 1263 naturam
697 1247 802 1268 ordinemque
818 1252 870 1268 posse,
883 1248 920 1264 fassi
933 1250 972 1264 suut
985 1253 988 1264 :

611 1272 653 1292 quod
662 1274 700 1287 tune
709 1272 811 1293 omnipotens
821 1274 837 1288 et
847 1272 935 1288 immensus
945 1273 989 1289 Deus

611 1296 707 1317 reprobavit,
720 1296 758 1312 dum
770 1301 835 1312 omnem
849 1301 902 1313 rerum
913 1299 988 1314 naturam

611 1321 644 1337 suia
655 1321 729 1342 subjecit,
737 1323 785 1342 atque
796 1326 825 1342 por
835 1321 866 1337 hoe
877 1327 906 1342 per
915 1322 988 1342 abjectos
