1083 1563
221 111 251 128 {24
265 116 378 129 murmano!
389 117 404 128 in
415 117 472 129 onum:
483 117 503 128 Ab
514 116 555 128 Ducit
566 115 677 128 coflsmssttnm
687 116 786 129 ’ruunt-omen.
795 121 815 124 —
822 117 856 129 nni·⁴
865 117 918 131 xxxiv,
926 117 968 128 xxxv

221 160 293 180 perfecte
300 160 370 178 vincere,
379 160 395 176 in
406 165 438 181 quo
448 164 504 176 omnes
513 159 596 180 passiones
603 159 616 175 Α
623 160 639 175 in
648 160 671 175 eis
678 160 760 176 rationalis
767 162 841 181 potestas⁴
850 160 927 181 Denique,
938 161 956 175 ut
965 159 998 175 An-

220 185 308 200 vincuntur
319 190 355 205 qun
368 185 388 201 ad
403 185 442 205 illud
455 186 537 205 peccatum
551 184 596 200 incli-

220 211 259 225 nant
267 209 309 225 unde
317 209 379 225 dminon
387 209 458 225 tentabat
465 209 517 227 illum,
526 211 544 224 ut
551 208 595 224 habi-

220 235 246 249 tus
254 234 318 249 virtutis
325 234 402 254 oppositae
412 234 482 254 perfecte
492 233 594 254 adipiscatur·⁴

221 258 265 274 Unde
279 261 317 274 tunc
332 258 405 274 diabolus
418 259 475 274 videns
489 258 565 274 virtutem
580 260 596 274 et

220 283 324 299 stabilitatem
339 284 374 304 ejus
389 283 406 299 in
418 283 466 301 bono,
480 287 511 299 non
526 283 595 303 amplius

220 308 303 328 proesumit
320 313 357 323 eum
372 308 392 323 de
405 308 461 323 eodem
476 309 542 323 tentare*
559 307 596 326 Oua>

220 334 274 348 tamen
282 332 339 348 burum
347 332 441 353 opinionum
450 332 502 348 verior
511 332 537 350 sit,
547 332 596 347 incer-

221 358 255 372 tum
263 359 287 372 est
296 361 299 372 :
308 357 346 377 quia
353 361 383 373 neo
391 357 452 372 ratione
463 361 492 372 nec
502 356 596 372 auctoritate

222 381 292 397 multum
303 381 367 402 probari
378 381 424 397 valetv

302 446 424 463 ARTICULUS
436 447 514 463 XXXIV.

243 480 303 495 Utrum
315 480 371 499 angeli
383 479 421 494 bimi
429 480 493 498 possint
504 484 575 498 peccare.

253 528 348 544 RAETEREA
362 528 486 549 agnoscendum,
499 529 541 549 quod
556 529 598 544 sicut

260 553 302 569 Deus
319 558 347 574 per
364 553 444 573 propriam
462 555 535 569 naturam
550 553 598 569 babet

221 577 263 598 quod
274 582 340 598 peccare
350 582 381 593 non
392 577 447 598 possit,
455 577 493 598 quia
504 582 535 593 non
546 579 571 593 est
581 578 597 593 in

221 606 240 618 eo
255 602 363 622 potentialius
377 601 436 622 aliqua,
452 606 488 622 φιβ’
503 602 559 622 utique
573 604 597 617 est

221 626 266 647 origo
274 626 335 647 peccati
343 628 359 642 et
366 626 419 641 omnis
426 626 498 642 defectus
505 630 509 646 ς
517 626 540 642 sio
550 631 597 646 ange-

222 651 247 666 lus
260 650 417 671 impeccabilitatem,
430 655 461 666 non
474 655 483 666 a
495 652 556 669 natura,
570 651 597 666 sed

222 680 252 696 per
260 675 326 695 gratiam
339 675 466 691 confirmationis
478 675 550 694 sortitur,
560 675 598 696 quia

223 704 251 720 per
263 704 298 715 enm
311 702 344 715 tota
356 704 384 715 sua
396 700 467 720 potentia
479 700 569 720 completur
582 700 597 715 in

222 724 313 740 nctutsicut
320 726 336 740 et
344 724 408 740 materia
416 728 500 745 corporum
509 724 598 740 coelestium

623 184 683 200 seimus
694 186 766 203 testatur,
775 189 821 205 posse
832 189 903 206 peccare,
911 189 941 200 nec
951 184 999 200 liber-

623 211 647 224 tas
660 211 684 225 est
693 214 723 225 nec
736 214 772 230 pars
783 209 861 225 libertatis
869 214 873 225 ε
881 209 919 230 quia
926 211 942 225 et
949 209 997 227 Deus,

623 233 651 254 qui
664 233 755 250 liberrimus
770 236 799 252 est,
815 239 881 255 peecare
893 238 925 250 non
940 235 997 254 potest.

623 267 643 270 —
652 258 759 274 Laudabilitas
771 263 835 279 quoque
846 263 878 274 non
886 260 910 274 est
918 258 998 279 praecipue

623 287 632 298 a
640 285 717 303 potestate
726 283 808 304 peccandi,
817 283 844 299 sed
852 288 861 299 a
868 283 949 299 voluntate
956 283 999 298 bono

623 307 713 323 adhaerente
722 312 725 323 :
736 307 775 323 alias
787 308 866 323 virtuosus
879 312 908 328 per
919 307 998 324 habiturn.

623 334 666 347 esset
676 332 729 348 minus
739 332 824 348 laudabilis
834 332 850 348 in
859 334 896 348 ectu
906 337 940 350 suo,
951 336 999 352 quam

624 361 679 372 carens
690 356 749 372 virtute
757 359 773 372 et
780 357 841 373 bonum
849 361 921 378 operans.
931 357 960 373 Sed
972 361 999 377 po-

623 382 671 396 testas
685 381 762 401 peccandi
774 383 799 397 est
810 381 856 402 quasi
870 381 934 402 signum
946 381 999 397 lauda-

624 405 690 421 bilitatis
706 408 778 426 respectu
794 406 897 424 laudantium,
913 406 999 422 ostendens

623 434 664 450 opus
675 434 706 446 non
717 435 752 446 esse
763 432 841 446 coactum.

710 493 832 512 ARTICULUS
843 496 914 512 XXXV.

623 531 647 546 De
659 531 767 545 obstinatione
778 531 876 548 daemonum,
887 533 902 546 et
914 531 934 545 dc
943 535 1000 546 eorum

721 553 797 568 naturali
807 553 904 572 coqnz'n'one.

655 601 719 617 AUSAM
732 602 798 622 insuper
809 602 921 617 obstinationis
933 602 1000 620 diaboli,

662 626 768 642 diversimode
781 626 846 642 tradunt
857 626 922 642 diversi.
932 626 1000 645 Quidam

624 651 668 666 enim
676 651 737 669 dicunt,
745 651 783 671 quia
791 651 860 667 liberum
870 651 954 667 arbitrium
964 651 1001 671 ejus

625 675 696 691 medium
704 677 728 691 cst
736 675 778 691 inter
785 675 910 696 divinum‚quod
918 680 1001 696 nunquam

625 702 702 718 mutatur,
712 702 728 715 et
736 700 830 718 humanum,
838 700 880 720 quod
891 702 928 715 ante
936 700 1001 715 electio-

625 728 662 739 nern
673 726 689 739 et
699 726 735 745 post
747 729 781 740 eam
795 724 872 740 mutabile
886 726 940 740 manet
950 728 954 740 z
964 724 1002 740 ideo

222 753 251 769 per
261 748 328 764 formam
336 753 384 769 quam
394 749 446 767 habet,
455 749 534 769 completa
542 751 574 769 estg
582 751 598 765 et
605 748 616 764 C
626 750 661 769 post
676 748 744 769 primam
756 748 851 764 electionem
863 750 913 764 exstat
926 749 1002 764 immuta-

222 773 238 789 in
251 773 392 792 intellectualibus,
402 773 443 789 iacta
454 773 550 790 resolutione
562 778 598 789 con-

222 798 299 813 clusionis
317 798 401 818 utriusque
420 798 470 818 partis
489 798 508 814 ud
528 798 598 819 primum

222 822 320 843 principium
329 822 422 838 naturaliter
430 823 517 843 cognitum,
526 825 564 838 tunc
574 827 598 838 ra-

223 847 245 863 tio
257 847 347 863 necessario
359 847 425 863 assentit
437 847 464 863 uni
477 852 514 863 cum
525 847 598 868 impossi-

223 872 285 887 bilitate
297 871 367 887 alterius.
380 872 428 887 Porro
441 871 494 887 lumen
507 872 561 892 gratim
572 872 597 887 vel

223 896 277 917 gloriae
286 896 307 912 ita
314 901 331 912 se
340 896 387 912 hahet
394 896 414 912 ad
422 898 491 912 mentem
499 896 540 912 sicut
548 896 599 912 forma

223 921 248 936 vel
256 923 301 937 actus
311 921 327 936 in
338 921 448 941 naturalibus;
456 923 472 936 et
482 921 520 937 finis
531 921 598 936 ultimus

223 945 244 961 ita
255 950 272 961 se
284 946 331 961 habet
341 945 360 961 ad
369 945 466 961 voluntatem
475 946 516 961 sicut
527 946 598 966 primum

223 970 322 991 principium
330 970 346 986 in
354 970 556 991 speculativi5‚secundum
565 970 599 986 Phi-

223 995 308 1015 losophum
325 997 370 1010 sexto
383 997 400 1010 et
414 995 482 1015 septimo
499 995 597 1011 Etbicorum.

223 1019 275 1038 Quum
283 1023 321 1039 ergo
328 1024 357 1040 per
364 1019 418 1034 lumen
426 1019 481 1039 gloriae
488 1019 531 1035 Beati
542 1019 599 1035 ultimo

626 773 662 789 bile.
674 773 704 789 Sed
716 773 749 789 liaec
759 778 807 789 causa
818 773 843 794 (ut
855 773 918 789 Thomas
930 773 1002 794 videtur)
1023 780 1069 792 sunu,

625 798 702 818 supponit
715 798 730 813 id
744 798 790 818 cujus
803 802 851 814 causa
864 798 946 819 quaeritur,
957 798 1001 814 scili-
1009 797 1070 810 ⁶⁵¹¹·''¹·”·¹·

625 825 651 838 cet
668 822 797 838 immobilitatem
816 823 868 843 angeli
883 825 919 843 post
936 823 1001 838 electio-

626 852 668 863 nem.
686 847 718 863 Nec
735 847 824 863 secundum
842 852 877 863 eam
896 849 949 868 posset
965 847 1001 863 dari

626 872 666 887 ratio
676 871 804 887 confirmationis
815 874 830 887 et
840 872 953 888 obstinationis
965 872 1001 887 ani-

626 901 688 912 marum
700 898 736 916 post
746 898 818 912 mortem⁴
826 905 847 908 —
853 896 884 912 Alii
894 896 955 915 dicunt,
963 896 1002 917 quia

626 921 692 941 angelus
703 923 767 941 propter
779 921 924 937 indivisibilitatem
936 923 952 936 et
962 921 1002 936 sim-

626 946 714 966 plicitatem
722 950 755 961 suae
762 947 828 964 naturae,
836 945 856 961 ad
863 946 976 966 quodcumque
983 950 1002 961 se

626 970 679 988 vertit,
690 975 707 986 se
715 972 765 986 totum
774 970 853 986 convertit
863 974 866 985 :
877 972 893 986 et
901 970 937 986 ideo
946 972 1002 991 postea

626 999 657 1010 non
671 996 746 1010 mutatur.
758 994 788 1010 Sed
801 995 835 1010 hinc
847 994 888 1010 ratio
899 994 1002 1010 insufficiens

626 1019 701 1034 videtur:
710 1019 748 1039 quia
760 1019 848 1035 secundum
861 1019 936 1035 virtutem
949 1024 1002 1037 snam,

223 1044 259 1062 fini,
272 1044 334 1060 scilicet
348 1044 386 1062 Deo,
399 1044 469 1064 perfecte
481 1044 599 1064 conjungantur
606 1045 618 1060 D
626 1048 661 1064 quie
671 1048 688 1059 se
699 1043 718 1059 ad
730 1043 780 1059 multa
790 1043 867 1062 extendit,
875 1043 961 1059 divisibilis
971 1046 1001 1059 est.

223 1073 253 1089 per
260 1068 324 1089 plenam
335 1068 434 1087 fruitionem,
442 1068 477 1088 ejus
488 1068 559 1084 bonitate
570 1069 598 1084 toti

223 1093 278 1109 affecti
285 1097 289 1112 3
297 1093 333 1108 ideo
343 1092 394 1108 averti
405 1097 436 1108 non
447 1092 506 1108 valent.

244 1117 276 1133 Nec
284 1117 314 1133 hoc
322 1117 390 1133 libertati
398 1119 481 1138 repugnat,
487 1118 525 1138 quia
533 1117 599 1133 libertas

224 1144 249 1158 est
256 1146 311 1157 eorum
320 1146 355 1162 qum
363 1141 393 1157 sub
403 1142 480 1158 electione
490 1142 555 1160 cadunt,
564 1147 599 1163 qum

224 1166 300 1182 videlicet
310 1168 347 1182 sunt
355 1166 407 1182 media
416 1166 436 1182 nd
447 1166 522 1182 ultimum
535 1166 585 1182 finem
595 1171 598 1182 z

224 1193 240 1207 et
248 1191 284 1207 ideo
291 1190 307 1206 in
315 1190 393 1207 electione
403 1195 447 1206 error
458 1191 536 1212 contingit
546 1191 562 1207 in
574 1191 599 1207 his

224 1215 240 1231 in
252 1215 311 1236 quibus
319 1215 338 1231 de
347 1215 403 1231 ultimo
415 1215 448 1231 fine
459 1220 490 1231 non
501 1218 525 1232 est
536 1220 600 1236 semper

223 1240 308 1256 aestimatio
323 1242 376 1260 rectr,
388 1240 416 1256 sed
428 1245 459 1256 non
473 1240 488 1256 in
501 1240 559 1259 Bcatis,
571 1241 599 1261 qui

224 1265 279 1281 vident
289 1265 340 1280 Deurn
353 1269 381 1285 per
393 1264 468 1285 speciem.
479 1265 599 1283 Verumtamen,

224 1294 242 1306 ea
250 1294 319 1311 quorum
330 1291 404 1305 neutrum
416 1294 425 1305 a
436 1289 468 1305 fine
479 1289 567 1308 deordinat,
576 1290 599 1305 in-

224 1314 319 1330 differenter
326 1314 378 1334 angeli
386 1315 453 1334 possunt
461 1318 464 1329 z
473 1316 489 1329 et
496 1314 519 1330 sic
529 1314 600 1330 salvatur

626 1068 670 1084 Unde
681 1072 711 1083 nou
722 1070 784 1088 oportet
793 1070 810 1083 ut
820 1068 892 1088 operatio
901 1068 937 1088 ejus
947 1073 1003 1089 proce-

626 1093 652 1108 dat
660 1092 680 1108 ab
688 1097 707 1108 eo
714 1092 802 1108 secundum
811 1094 859 1108 totam
868 1097 912 1108 suam
920 1093 1001 1108 virtutem*

626 1126 646 1129 -—
653 1117 684 1133 Alii
696 1117 757 1135 dicunt,
765 1117 808 1137 quod
819 1117 857 1137 quia
868 1117 934 1138 angelus
946 1122 976 1138 per
985 1122 1003 1133 se

627 1142 679 1162 ipsum
688 1141 752 1160 cecidit,
760 1146 791 1157 non
802 1143 856 1157 autem
868 1142 921 1160 bomo,
933 1142 968 1158 ideo
980 1147 1004 1158 re-

627 1166 703 1187 parabilis
717 1171 749 1182 non
764 1168 788 1182 est
803 1166 845 1182 sicut
860 1166 912 1182 homo⁴
927 1166 957 1182 Sed
970 1171 1002 1183 non

627 1191 690 1207 videtur
700 1191 743 1207 istud
753 1191 830 1207 sufficere
839 1195 842 1206 :
851 1196 901 1211 quum
912 1196 941 1212 per
949 1196 966 1207 se
977 1192 1003 1207 vel

628 1220 656 1236 per
663 1216 712 1231 aliurn
721 1216 783 1233 cadere,
791 1216 824 1231 sint
831 1215 957 1232 circumstantia
967 1221 1004 1237 pec-

627 1240 657 1256 cati
665 1245 701 1261 quae
708 1240 724 1256 in
733 1240 816 1256 inlinitum
827 1244 913 1260 aggravare
924 1245 956 1256 non
967 1245 1004 1261 pos-

627 1267 674 1285 sunt3
686 1267 701 1280 et
714 1265 777 1283 iterum,
789 1265 865 1285 quoniam
875 1265 889 1280 si
899 1265 940 1281 Deus
953 1265 1005 1281 borni-

627 1294 664 1305 nem
672 1293 704 1305 non
712 1291 806 1310 reparasset,
813 1293 844 1305 non
853 1291 906 1305 temen
913 1289 1004 1306 obstinatus

627 1314 689 1330 fuisset.
697 1323 717 1326 -
726 1314 757 1330 Alii
769 1314 831 1332 dieunt,
841 1314 879 1335 quin
891 1314 958 1335 angelus
967 1318 1004 1335 pec-
