1083 1563
135 1171 243 1187 triana-vult
254 1176 310 1187 omnes
325 1171 399 1187 homiues
411 1171 463 1187 salvos
478 1171 514 1187 riori
528 1176 532 1187 z

206 114 226 130 74
393 119 413 131 ue
423 119 486 131 mrum
496 119 556 131 mrsnm
567 118 585 130 ιτ
596 118 631 130 vnn
642 118 673 130 nat.
684 123 704 126 —
714 119 749 130 nnr.
761 118 796 130 xtvi

207 162 276 178 allectus
289 162 347 178 mentis
361 162 420 178 divinae
433 167 437 178 :
449 164 465 178 et
477 162 511 178 liaec
525 161 601 182 proculA
609 161 660 178 mines
673 161 736 181 salvari,
748 162 824 182 qnoniam
838 166 870 177 non
884 163 909 177 est
921 161 983 177 bonum

207 187 256 203 dubio
268 192 337 208 semper,
349 187 382 203 imo
393 187 413 203 de
425 187 519 203 necessitate
529 186 581 207 exple-

207 214 237 227 tur.
247 212 262 227 Si
270 211 314 228 enim
325 214 368 228 tanta
377 214 401 228 est
410 211 482 227 omnium
493 211 581 227 electorum

207 236 239 252 Deo
251 236 339 252 fruentium
352 236 438 255 beatitudo,
454 238 471 252 ut
485 240 540 252 eornm
556 236 581 251 de<

207 261 284 277 siderium
296 261 330 277 sive
342 261 410 277 allectus
423 261 508 282 impleatur
521 261 536 276 in
548 265 582 276 om-

207 285 260 304 nibus,
273 287 333 306 quanto
347 286 397 306 inagis
412 286 470 302 divinae
485 285 544 301 mentis
559 285 581 301 fe·

206 310 263 329 licitas,
278 315 314 331 qum
328 315 393 331 prorsus
407 311 487 326 immensa
503 312 581 328 censetur,

207 334 275 355 requirit
282 337 299 351 nt
306 335 357 351 divini
364 335 417 351 cordis
424 335 492 351 allectus
500 339 582 355 nunquam

206 361 282 378 cassetur,
292 360 320 375 sed
333 360 349 375 in
360 360 436 376 omnibus
447 359 544 380 impleatur?
554 359 583 375 De-

207 384 261 405 nique,
275 384 322 404 cujus
334 384 407 400 volunt-s
419 384 442 400 sie
454 384 496 400 dicta
508 388 540 400 non
553 384 582 399 im-

207 408 266 429 pletur,
279 413 343 429 poenam
355 408 403 424 habet
417 413 421 424 z
434 412 466 424 non
480 408 524 424 enim
538 408 582 424 aliud

207 437 254 453 poeua
266 433 333 449 interior
344 435 368 449 est
379 433 410 449 nisi
421 433 507 449 voluntatis
519 432 582 448 renisus

608 186 681 202 homines
691 186 707 202 in
717 188 795 207 quantum
805 188 843 202 sunt
852 188 943 207 peccatores
953 185 984 201 sal-

609 211 647 227 vari.
663 211 694 227 Sed
708 211 782 227 voluntas
798 211 894 227 antecedens
911 215 942 227 non
960 212 985 226 est

609 236 682 252 voluutss
697 236 728 252 nisi
742 236 832 252 secundum
846 236 891 256 quid,
906 235 944 256 quia
958 240 984 251 vo-

610 261 662 276 luntas
674 260 725 276 fertur
735 261 751 276 in
764 265 798 277 rern
810 261 899 276 secundum
912 260 956 281 quod
968 260 984 275 in

609 290 626 301 se
639 286 673 306 ipsa
685 287 713 301 est.
727 285 786 301 Dicunt
798 290 836 306 ergo
850 285 929 303 doctores,
941 285 984 305 quod

610 310 683 326 voluntas
698 310 793 326 nntecedens
806 314 837 326 non
850 314 914 330 semper
928 309 985 330 imple-

610 337 646 354 ειη-ς
656 335 684 350 sed
694 335 767 350 voluntas
776 339 876 355 consequens
884 339 948 355 semper
955 334 984 350 im-

610 359 668 380 pletur,
682 359 758 380 quoniam
773 359 809 375 talis
823 359 897 375 voluntas
911 361 935 374 est
950 363 985 379 per-

610 383 651 400 lecta
660 386 676 399 et
686 384 781 404 simpliciter
790 384 832 399 dicta
843 383 921 399 voluntas.
932 383 984 399 Prima

610 413 648 429 ergo
657 408 731 424 volunus
740 410 764 424 eet
774 408 827 429 potius
837 408 932 428 appellnda
941 413 985 428 quea-

610 433 646 449 dnm
657 433 729 449 velleitas
739 438 787 453 quam
797 433 876 448 voluntas.

207 459 262 473 contra
269 457 300 473 sibi
308 457 448 476 controrin.0uum
455 462 493 478 ergo
501 457 542 473 Deus
550 461 581 473 non
591 456 603 472 B
630 458 716 476 Postremo,
733 457 807 473 voluntas
823 457 865 478 signi
882 459 948 473 vocatur
964 457 985 473 si*

207 482 258 497 solum
272 482 376 502 impassibilis
387 482 413 500 sit,
424 482 451 498 sed
461 481 582 502 voluptuosissi-

207 511 233 522 ma
247 508 295 527 atque
307 506 373 522 omnino
385 507 465 522 immensa
477 506 582 522 delectatione

207 530 270 551 plenus,
281 533 343 547 constat
354 531 397 552 quod
409 533 464 547 contra
478 531 514 551 ejus
526 531 582 547 volun-

207 558 255 571 tatem
270 556 293 571 sic
306 555 365 571 dictam
377 556 399 571 nil
413 555 449 572 sieri
463 558 511 576 queat
523 560 526 571 z
539 560 582 571 sem-

207 585 236 601 per
248 585 286 600 ergo
298 580 371 596 voluntas
384 580 412 596 Dei
425 580 489 601 proprie
500 580 542 596 dicta
553 580 581 596 imv

206 605 264 625 pietur.

226 630 345 648 Verumtamen,
353 629 395 645 sicut
404 630 460 645 dicunt
469 629 545 650 theologi,
556 634 583 645 vo-

206 654 259 670 luntas
270 654 298 670 Dei
310 656 334 670 est
346 654 410 675 duplex,
422 654 498 670 videlicet
509 654 582 670 volunt-ss

206 679 303 699 beneplaciti
311 681 327 694 et
334 679 407 695 voluntas
415 679 461 699 signi⁴
470 679 547 695 Voluntas
556 683 582 694 ve-

206 707 224 719 ro
241 703 337 723 beneplaciti
354 703 420 723 ponitur
433 703 493 724 duplex
510 703 526 719 iu
544 703 581 721 Deo,

206 727 282 743 videlicet
289 728 384 743 antecedens
392 730 408 743 et
415 732 583 748 consequens,secun-

610 487 659 503 gnum
673 482 760 498 voluntatis
771 482 830 498 divinas
844 486 847 497 z
860 482 902 498 sicut
915 482 986 498 vindicte

610 507 672 528 peccati
683 507 742 523 dicitur
753 506 776 522 ira
788 506 804 522 in
814 507 852 525 Deo,
863 506 939 527 quoniam
952 506 986 522 vin-

610 532 652 547 dicta
664 532 681 547 in
693 531 739 547 nobis
751 533 775 547 est
786 531 872 547 iracundius
883 531 953 551 signum.
964 531 987 547 Si-

610 561 641 576 gna
648 560 686 571 vero
696 555 782 571 voluntatis
792 555 851 571 divinoe
861 557 898 571 sunt
907 556 985 576 quinque,

610 580 686 596 videlicet
697 585 701 596 ;
714 582 818 601 promptum,
830 580 922 600 prohibitio,
935 580 986 595 consi-

610 605 656 621 lium.
665 605 684 621 Et
691 605 725 621 inec
733 609 764 620 non
773 609 836 625 semper
846 604 939 625 implentur,
947 604 985 625 quia

610 634 627 645 se
638 629 698 645 liabent
708 629 751 645 sicut
761 629 778 645 in
789 629 831 645 fieri*
842 629 878 645 Alia
888 631 941 645 nutem
953 629 986 645 duo

610 654 660 674 signs,
675 659 711 674 quae
727 656 764 669 sunt
778 654 863 674 permissio
878 655 894 669 et
907 653 984 674 operatio,

610 683 674 699 semper
688 678 776 699 implentur
791 683 795 693 2
811 678 870 694 habent
884 683 901 694 se
916 683 985 699 namque

610 703 651 719 sicut
666 703 682 718 in
698 703 758 718 tectum
771 707 817 723 esse;
830 703 872 723 quod
884 704 937 718 entem
952 703 985 723 jam

610 727 670 743 laetum
685 729 714 746 est,
727 732 759 743 non
775 729 826 748 potest
840 731 872 743 non
887 727 928 743 lieri.
942 727 986 743 Unde

206 752 245 768 dum
260 752 381 768 Damascenurn.
394 752 413 768 Et
425 752 495 768 sumitur
507 752 537 768 iste
550 752 582 768 dis-
591 752 602 768 C
610 752 681 772 operatio
696 754 720 768 est
734 756 798 772 semper
812 752 833 767 de
847 752 875 767 illo
886 751 906 767 de
918 756 950 772 quo
962 754 986 767 est

206 777 268 795 tinctio,
282 781 313 793 non
328 782 347 792 ex
363 779 407 797 parte
418 777 505 793 voluntatis
517 777 581 795 divine),

206 806 242 822 quse
254 806 305 822 quum
317 802 338 817 sit
350 804 414 820 oeoernn,
427 806 459 817 non
475 801 523 817 habet
537 802 582 822 prius

206 831 259 847 neque
271 826 355 847 posterius,
363 826 391 842 sed
402 831 422 842 ex
433 828 478 847 parte
489 826 581 844 volitorum,

206 856 242 872 quae
257 851 354 867 considerari
369 853 437 871 possunt
451 851 542 871 dupliciter,
557 855 582 866 se-

208 875 278 891 cundum
287 875 365 891 rationem
373 880 475 895 communem
484 877 499 891 et
507 875 581 896 primam,

206 902 223 916 et
237 900 275 916 item
294 900 382 916 secundum
397 900 475 916 rationem
492 900 582 916 ultimntam

206 927 254 945 atque
268 925 370 945 completam.
386 925 438 940 Potest
452 926 505 940 antem
520 925 581 945 aliquid

206 950 295 965 secundum
307 949 375 970 primum
388 949 466 965 rationem
477 954 512 965 esse
523 949 583 970 optabi·

207 974 226 992 le,
235 974 277 995 quod
289 974 377 990 seeundum
389 974 437 990 aliem
450 974 527 990 rationem
539 976 583 994 opta-

206 999 239 1015 bile
249 1003 282 1014 non
293 999 367 1014 exsistit:
376 999 511 1019 quemadmodum
522 999 581 1014 bonnm

206 1025 231 1039 est
242 1023 301 1039 Titium
314 1023 374 1042 vivere,
388 1025 435 1044 prout
447 1025 471 1039 est
484 1023 541 1042 homo,
555 1023 582 1039 sed

610 777 684 793 voluntas
695 776 796 797 beneplaciti.
807 776 880 797 Operatio
891 776 935 792 enim
946 776 986 792 dire-

610 803 635 817 cte
646 802 744 817 demonstrat
755 801 848 817 volitionem
860 801 933 817 volentis.

630 826 660 842 Sed
671 826 691 841 de
701 826 726 841 liis
737 825 824 846 superficie
833 828 880 841 tenus
890 827 959 844 transeo,
967 830 986 841 eo

610 850 652 871 quod
665 850 748 871 praesentis
759 850 833 866 editionis
845 850 949 866 intentionem
960 855 986 866 ex*

610 875 672 893 cedant,
686 877 701 891 et
713 875 733 891 ad
745 875 884 895 supernaturalem
896 880 914 890 nc
926 875 986 890 theolo-

610 900 661 920 gicum
670 900 790 920 inquisitionem
799 900 849 920 magis
857 899 952 920 pertineant.
961 900 986 915 Di-

610 924 626 940 xi
636 924 712 945 equidem
722 924 738 940 in
750 924 799 945 hujus
810 924 875 940 exordio
885 924 943 945 operis,
954 929 986 940 non

610 953 636 964 me
647 949 688 964 velle
698 949 717 964 de
729 949 776 964 unius
787 949 847 964 summi
858 948 886 964 Dei
894 951 950 964 natura
957 950 988 964 tra-

610 975 653 989 ctare
671 973 702 989 nisi
719 973 808 989 secundum
826 973 903 989 naturalis
921 973 987 989 rationis

611 998 702 1018 indaginem
714 1003 717 1014 :
728 998 747 1014 ad
758 998 804 1018 cujus
815 1000 868 1014 tamon
880 998 988 1014 confirmatio>

610 1027 653 1041 nem,
666 1023 759 1043 theologicas
772 1023 843 1038 veritatis
858 1023 949 1039 testimonia
964 1023 987 1038 in>

207 1053 239 1064 non
253 1050 278 1064 est
293 1048 353 1064 bonum
367 1053 404 1063 eum
422 1048 482 1066 vivere,
498 1050 545 1068 prout
559 1048 602 1063 estD
611 1048 682 1066 troduco,
698 1050 777 1068 quatenus
792 1048 849 1064 rationi
865 1048 938 1066 naturali,
952 1053 987 1069 qum

208 1073 310 1093 impugnator
325 1072 362 1088 boni
377 1072 472 1088 communis.
488 1073 543 1093 ltaque
558 1077 583 1089 vo-

208 1097 261 1113 luntas
278 1097 374 1113 antecedens
391 1097 408 1112 in
425 1097 457 1112 Deo
475 1097 539 1115 dicitur,
555 1102 583 1118 per

208 1126 256 1142 quam
267 1121 302 1137 vult
312 1121 354 1137 Deus
365 1121 426 1142 aliquid
439 1121 527 1137 secundum
537 1122 584 1137 ratio

208 1151 244 1162 nom
257 1150 360 1162 communem
372 1148 388 1161 et
400 1146 474 1167 primam,
486 1146 512 1162 Sic
524 1151 583 1167 nempe

546 1176 582 1187 nam

208 1195 268 1211 bonum
283 1197 307 1211 est
320 1195 355 1213 hoc,
368 1195 484 1211 considerando
501 1196 582 1211 hominem

208 1220 225 1236 in
236 1219 319 1236 communi
330 1222 345 1235 et
356 1219 429 1236 absolute
441 1220 457 1235 in
470 1222 548 1241 quantum
559 1222 583 1236 est

208 1245 261 1261 hoino.
275 1244 351 1260 Voluntas
365 1249 403 1260 vero
418 1249 518 1265 consequens
532 1245 583 1261 uomi-

208 1272 255 1285 natur
267 1269 283 1285 in
295 1269 332 1288 Deo,
346 1274 375 1290 per
387 1274 435 1290 quarn
448 1270 483 1285 vult
495 1269 536 1285 Deus
549 1274 582 1285 rem

207 1294 296 1310 seeundum
308 1298 353 1310 suam
366 1294 444 1310 rationem
457 1294 553 1315 completam
568 1297 584 1310 et

208 1319 297 1335 ultimatam
312 1323 316 1334 t
329 1320 345 1334 et
358 1319 382 1335 sic
395 1323 427 1334 non
440 1319 475 1335 vult
487 1323 543 1335 omnes
556 1319 583 1335 ho-

611 1072 669 1093 saepius
676 1072 762 1093 decipitur,
770 1072 829 1088 certius
837 1072 950 1088 consentiatur.
957 1073 987 1088 L'n-

610 1097 630 1113 de
637 1099 653 1112 et
660 1097 718 1113 horum
725 1097 784 1113 veritas
792 1097 841 1113 simili
850 1097 897 1113 modo
907 1097 987 1113 firmanda

610 1124 639 1137 est.
655 1122 699 1140 Quod
714 1122 757 1137 enim
772 1121 831 1138 divinae
845 1121 931 1137 voluntatis
946 1122 986 1138 ratio

610 1146 687 1167 assignari
698 1151 730 1162 non
743 1147 798 1167 possit,
809 1146 846 1162 inde
856 1146 933 1162 eluoescit
943 1147 986 1167 quod

610 1171 632 1187 ait
642 1170 727 1191 Apostolus
739 1175 743 1186 2
754 1171 804 1189 Quam
818 1170 986 1191 incomprehensibilis
994 1176 1063 1188 ammas

611 1197 648 1211 sunt
662 1195 723 1215 judicia
738 1195 779 1215 ejus,
792 1197 808 1211 et
822 1195 942 1215 investigabiles
956 1195 987 1211 viae

610 1220 656 1240 ejus!
669 1220 713 1238 Quod
725 1224 763 1236 vero
778 1220 833 1235 divina
848 1220 921 1236 voluntas
936 1220 987 1236 ineas-

610 1244 683 1260 ssbiliter
694 1244 785 1265 impleatur,
794 1246 837 1265 patet
847 1249 867 1260 ex
878 1244 906 1260 illo
916 1244 959 1265 quod
970 1245 987 1261 in

611 1269 666 1285 eadem
674 1269 742 1290 epistola
749 1269 772 1285 ait
779 1269 844 1285 divinus
852 1269 937 1290 Apostolus
945 1274 949 1285 :
957 1269 987 1285 Vn·
994 1276 1063 1288 nas-¹³⁹.

611 1294 668 1310 luntati
680 1294 716 1314 ejus
728 1294 765 1315 quis
777 1294 848 1310 resistit?
860 1294 904 1310 Unde
915 1295 932 1310 ot
943 1294 986 1315 apud
998 1307 1015 1318 1¹-
1021 1311 1046 1318 m,

611 1319 668 1335 isaiam
680 1319 757 1335 Dominus
769 1319 791 1335 ait
802 1323 806 1335 z
817 1319 875 1335 Audite
887 1324 918 1338 me,
929 1319 987 1335 domus
995 1324 1011 1334 w.
