1083 1563
134 1133 201 1146 amia-an.

204 125 235 141 8⁴2

521 130 541 142 BR
552 130 626 142 muninus
637 130 662 142 DEI

204 174 303 193 ptuosusque
312 175 337 188 est
347 172 375 193 qui
386 173 511 188 immoderanter
522 173 579 188 nititur
586 174 599 189 Α
626 173 692 188 Possent
704 172 748 188 enim
760 172 802 188 inter
813 174 858 188 tunm
870 172 982 193 superincom-

205 199 295 218 penetnm,
302 197 382 213 discutere
389 199 417 213 eut
424 199 491 213 tractore
498 197 557 213 divina.

225 222 248 237 Ex
265 224 374 238 creaturarum
390 222 474 237 ordinibus
488 223 504 237 et
518 221 578 237 naturis

204 248 220 262 te
233 246 326 262 naturaliter
338 246 475 267 contemplamur-3
488 251 517 267 per
529 246 579 262 fidem

205 275 248 289 vero,
264 271 280 286 in
295 271 382 291 Scripturis
396 276 415 286 ac
429 271 578 292 supernaturalibus

204 295 290 311 effectibus
297 296 386 315 >sublimius
397 295 504 316 speculamur.

224 320 361 338 Quemadmodum
376 320 419 336 enirn
431 320 499 336 effectus
514 324 578 335 causam

204 344 322 365 quodammodo
333 346 442 365 repraesentat,
455 344 478 360 sic
492 344 544 365 qualis
557 344 578 360 sis

204 371 227 387 tu,
238 369 303 385 Creator
316 369 423 390 omnipotens,
435 369 452 385 in
465 369 540 385 universo
550 369 578 384 ali-

204 399 236 415 quo
248 394 295 410 modo
305 394 371 410 relucet.

224 418 264 437 Quid
282 418 325 434 enim
342 420 367 434 est
383 420 461 437 creatura,
476 418 507 434 nisi
525 418 579 434 radius

204 443 294 459 Creatorisl
302 445 317 459 et
328 443 367 464 quid
379 445 421 458 totus
432 448 486 458 rerum
497 443 541 461 ordo,
552 447 578 458 na-

606 197 731 218 preliensibilem
739 197 830 215 essentiam,
835 201 948 217 summamque
955 201 983 212 an-

605 222 661 242 goliam
675 222 735 243 speciei
750 226 840 243 personam,
856 221 983 237 innumerabiles

605 246 699 267 angelornm
708 247 770 267 species
777 246 828 262 creari
836 251 865 267 per
872 248 916 262 tuam
928 245 984 261 infini-

606 273 638 287 tam
647 272 734 292 potentiam
743 276 747 287 :
756 271 807 287 nihilo
814 271 868 286 miuus
877 276 886 286 a
896 273 923 286 tua
931 270 984 291 perfe-

606 296 658 312 ctione
676 296 791 312 occumberent
807 297 855 316 atque
870 295 949 311 distarent
965 295 984 310 in

607 320 690 336 infinitum
701 320 785 336 universio.

626 370 648 385 Da
659 370 706 385 nobis
718 371 762 385 tuam
775 369 887 385 excellentiam
899 369 985 385 sinceriter

606 394 718 415 contemplari,
730 394 811 410 ferventer
823 394 896 414 diligere,
910 398 985 409 reveren<

606 419 665 434 tialiter
680 419 758 437 venerari,
772 418 833 439 jugiter
849 423 913 439 quoque
930 418 985 434 eidem

606 443 675 459 sollicite
690 443 777 461 deservire,
790 445 807 459 ut
820 443 854 463 ipss
867 447 896 459 nos
907 442 987 463 angelicae

204 470 240 483 tura
251 470 266 484 et
278 468 308 487 lex,
317 468 348 483 nisi
359 468 402 483 scala
411 468 430 483 ad
441 468 513 483 notitiam
523 467 579 483 Condi·
587 469 599 485 Β
607 468 706 484 excellentiae
714 468 793 488 parilitate
801 468 876 488 dignetur
883 467 947 483 vestire.

204 493 243 508 toris
248 493 254 508 f

224 541 271 561 Erige
282 546 316 559 uos,
325 541 492 562 incomprehensibilis
502 541 549 559 Deus,
559 541 578 557 ad

204 566 290 587 gloriosam
298 568 329 582 tuae
336 566 409 582 essentiae
417 565 567 586 contemplationem
574 570 579 585 3

204 590 230 606 fac
240 595 269 606 nos
280 592 295 606 te
305 590 338 606 fide
350 590 412 606 radiosa
422 590 500 611 speculari
513 595 542 611 per
553 595 579 606 su-

205 615 323 635 pernaturalem
334 614 461 630 illustrationem.

183 649 197 659 n.
225 639 286 660 Dignus
297 644 320 657 es,
333 639 400 655 Domine
414 639 456 655 Deus
468 641 527 658 noster,
539 639 580 655 aoei-

205 668 243 684 pere
251 664 334 682 honoremy
342 663 409 684 gloriam
417 666 433 679 et
439 664 514 679 virtutem
521 668 524 679 :
530 668 579 684 quem

205 688 252 708 digne
260 688 324 704 laudare
332 692 363 704 nou
374 692 464 708 possumus,
473 690 538 709 propter
549 690 580 704 tum

205 712 293 733 majestatis
304 712 434 728 immensitatem.
442 713 498 728 Amen.

291 764 336 779 Lau-r
343 764 374 779 Dei
381 766 399 779 ut
407 764 490 779 excellens.

225 811 252 829 Tu,
257 810 323 826 Domine
331 810 372 826 Deus
380 811 505 829 noster-,cunctis
512 811 556 827 solus
563 816 580 827 es

206 835 223 851 in
236 835 319 851 infinitum
331 835 422 854 sublimior,
434 835 526 851 Dominator
538 836 581 851 altis-

206 860 253 878 sime,
265 860 353 880 superfelix
365 860 435 878 Creator,
447 860 581 881 omnipotensque

206 884 283 900 Salvator.

226 909 375 929 incomparabiliter
383 909 437 924 minus
444 909 538 925 uuiversum
550 914 582 925 rna-

207 938 223 949 re
231 933 295 949 excedit
302 933 427 949 minutissimam
434 935 494 953 guttam
505 933 521 949 in
532 939 581 954 quan-

206 958 256 976 titate,
264 962 312 978 quam
320 959 346 973 tua
355 957 429 978 majestas
440 958 514 973 universa
523 960 581 977 ereata,

207 982 223 997 in
238 982 283 997 omni
298 982 402 1002 perfectione,
418 982 494 998 felicitate
508 984 523 998 et
538 983 583 998 nobi-

207 1006 256 1022 litate.

227 1031 252 1046 Nil
260 1031 313 1047 simile
321 1031 350 1046 tibi
358 1031 389 1047 nisi
397 1036 426 1052 per
435 1031 538 1047 deficientem
549 1032 583 1047 imi-

626 493 713 511 Tibi,Deus
720 492 933 511 Trinitas‚exeellentiasimo
940 492 987 507 Prin-

606 517 645 538 cipi,
653 517 691 537 Regi
701 517 785 535 altissimo,
793 521 856 532 summa
864 518 881 532 et
891 516 986 537 singularis-

607 542 648 557 sima
657 541 739 557 veneratio
750 541 823 559 debetur,
831 546 867 562 quae
878 541 936 557 dieitur
946 541 985 556 ado<

607 566 652 582 ratio*
660 566 717 582 Amen,

641 618 686 633 Laus
693 618 725 633 Dei
732 619 750 632 ut
758 618 794 632 idea
802 619 851 637 alque
858 618 947 636 &templar-

627 664 725 682 momine
733 664 775 680 Deus
783 666 890 682 noster,mens
897 663 985 684 sapientis-

607 689 648 704 sima
655 689 752 709 appellaris;
761 690 777 704 tu
785 688 839 704 omnia
848 693 876 709 per
884 688 986 704 intellectui-n

608 713 624 728 iu
632 713 711 733 sapientia
718 712 793 728 distincte
804 714 820 728 et
830 712 937 728 infallibiliter
946 716 987 732 ope-

608 742 652 753 raris.

588 764 598 780 c
627 762 650 777 Tu
658 762 711 782 operis
719 761 741 777 tui
750 761 828 777 rationem
836 761 881 777 vides
888 763 904 777 et
912 761 987 782 concipis

608 787 624 802 in
633 789 648 802 te
656 787 696 807 ipso,
701 786 729 807 qui
737 786 778 802 nihil
786 786 862 807 producis
869 791 878 801 a
885 791 923 802 casn
931 790 986 806 neque

609 811 679 826 fortuito.

628 836 713 856 Quumque
731 835 753 851 sis
770 837 827 851 auctor
843 840 896 851 rerum
915 835 986 855 primus,

608 862 683 878 aeternus,
691 859 760 880 simplex
770 861 786 875 et
796 859 938 877 iucommutabilis,
946 863 987 880 ope-

608 889 644 900 rnm
662 886 726 900 tuorum
741 884 811 900 rationes
829 884 888 900 ideales
903 884 987 904 exempla-

609 914 666 930 resque
679 909 744 927 formas,
755 913 764 924 a
775 908 824 929 priori
837 913 865 924 seu
877 908 942 924 aliunde
953 913 987 924 non

609 933 683 954 suscipis.

629 958 659 974 Sed
668 958 702 978 ipsa
710 960 736 973 tua
744 958 861 978 superpulchra
869 957 923 973 divina
932 962 991 978 essen-A

609 983 631 998 tia
639 985 656 998 ut
664 982 746 998 imitabilis
754 984 783 998 ate
792 983 827 1003 ipso
834 982 987 1000 intellecta,eutium

609 1009 634 1023 est
641 1007 728 1028 exemplar,
737 1007 782 1025 ratio,
790 1007 852 1027 species
860 1009 876 1022 et
883 1007 923 1022 idea.

630 1032 705 1047 Omnium
713 1036 772 1052 nempe
780 1031 886 1052 perfectiones
898 1031 913 1047 in
922 1036 940 1047 se
947 1031 987 1046 siin-

208 1055 295 1075 tationem3
304 1060 358 1076 parem
365 1057 418 1071 autern
430 1060 461 1072 non
471 1056 520 1072 habes
531 1061 583 1077 neque
590 1057 603 1073 Ι)
611 1056 699 1077 plicissirne
707 1056 891 1076 comprehendit,omnia
898 1060 987 1076 repraesen-

209 1080 313 1098 contrarium,
328 1080 356 1096 sed
372 1080 449 1096 rebellem
467 1085 495 1101 per
512 1080 583 1096 inobedi<

209 1104 274 1120 tionem.

229 1129 278 1149 Major
295 1134 312 1145 es
328 1129 372 1145 omni
387 1129 472 1150 preconio,
487 1130 532 1145 omni
547 1134 583 1146 con-

208 1154 318 1174 templatione,
326 1154 434 1172 veneratione,
442 1154 487 1170 cultu
497 1156 513 1170 et
524 1157 565 1170 voto.

228 1178 261 1194 Nec
271 1178 301 1194 tibi
312 1184 329 1194 se
340 1181 391 1199 potest
401 1181 434 1194 tem
445 1179 524 1199 profunde
531 1179 584 1195 humi-

208 1203 277 1224 literque
296 1203 376 1223 subjicere
397 1203 452 1224 aliqua
473 1205 545 1219 creatura
567 1206 584 1219 ut

207 1228 275 1248 dignum
284 1230 314 1247 est,
323 1230 353 1244 tum
364 1228 451 1248 majestatis
461 1230 540 1248 respectu,
549 1229 583 1244 Dei-

207 1254 231 1268 tas
238 1253 361 1273 supergloriosa,
370 1252 439 1273 simplex
446 1254 462 1268 et
470 1257 514 1273 pura.

227 1277 283 1293 Omnis
296 1282 364 1298 namque
375 1277 451 1297 angelicae
462 1279 522 1293 naturae
532 1277 582 1293 subli-

207 1304 260 1322 mitas,
277 1305 304 1318 tua
320 1301 404 1318 nobilitate
424 1301 490 1317 inferior
509 1303 533 1317 est
553 1307 582 1322 per

207 1329 300 1345 innumeras
310 1326 428 1348 perfectionum
439 1326 526 1342 distantias.

611 1083 638 1099 tat,
646 1081 719 1097 omnium
730 1080 811 1096 causative
821 1081 899 1096 consistit.

631 1105 650 1121 Et
662 1105 738 1126 quonium
753 1105 829 1120 universa
840 1105 915 1120 distincte
928 1109 987 1125 cogno-

610 1130 648 1148 scis,
656 1129 759 1150 propriisque
768 1129 857 1145 rationibus
867 1129 939 1145 ordinate
949 1134 987 1150 pro-

610 1154 661 1172 ducis,
670 1154 724 1175 plures
732 1154 748 1169 in
756 1156 771 1169 ie
779 1154 876 1170 confitemur
886 1154 988 1174 exempl-res

611 1179 680 1195 rationes
687 1181 735 1199 atque
743 1179 840 1199 ideaszquar
848 1181 879 1194 tuas
886 1179 989 1199 simplicitati

610 1208 628 1219 ac
636 1203 693 1219 unitati
701 1207 733 1219 non
740 1203 816 1223 derogare
824 1203 916 1219 asserimus.

631 1228 714 1244 Pluralitas
729 1232 799 1248 namque
814 1230 838 1243 est
853 1233 881 1248 per
895 1230 988 1248 respectum

609 1253 629 1268 ad
641 1252 703 1272 ideata;
711 1252 728 1268 in
738 1254 753 1268 ve
766 1257 804 1268 voro
816 1252 890 1268 identitas
903 1255 988 1273 permanet

609 1279 657 1298 atque
668 1276 764 1297 simplicitas
775 1277 855 1292 inviolata.

629 1302 655 1317 l-lie
667 1301 706 1317 idem
717 1301 733 1317 in
745 1303 766 1320 te,
775 1306 784 1317 o
796 1301 838 1317 Deus
849 1301 938 1320 benedicte,
947 1304 987 1317 sunt

608 1326 641 1345 lux,
649 1326 682 1342 vita
692 1328 709 1341 et
719 1326 787 1346 veritus;
798 1328 867 1347 suntque
877 1327 985 1347 cognoscendi
