1083 1563
155 242 199 253 κιαι).4
203 245 214 255 vv

148 258 166 269 n.

147 318 177 329 Iside
181 318 214 331 tna

148 416 177 427 lm.
180 416 215 427 ta-xc.

148 514 177 526 laid.
180 515 215 527 nat.

160 612 190 623 leid,
197 613 214 623 av.

148 710 214 723 mimas.

161 906 191 917 ma.
198 906 215 917 u.

149 982 179 993 ιοω.
185 985 200 995 vi,
206 982 216 992 ιΔ

150 1053 179 1064 ssiat⁴
184 1054 195 1066 ο,
200 1054 216 1064 17,

150 1300 216 1312 laianu,

220 117 251 134 ³58

536 122 557 134 DS
567 122 641 134 muninus
652 121 677 133 nal

221 165 258 181 tatis
271 165 390 186 praitendentia,
402 170 456 181 coram
468 165 567 184 hominibus,
576 165 596 181 ad
604 164 617 180 Α
624 164 647 180 ibi
655 164 708 180 cordis
715 167 788 180 versatur
795 164 863 180 intentio
870 166 917 185 atque
928 163 996 179 dilectio.

221 190 286 205 illm-nm
303 190 426 206 aedificationem
445 192 461 206 et
478 190 506 206 Dei
523 190 596 210 gloriam,

221 214 257 230 fieri
269 215 365 235 pnecepisti,

241 239 337 255 Irascentem
352 239 426 260 proximo
438 243 472 258 suo,
485 239 539 255 dixisti
552 244 597 255 reum

221 263 293 284 judicio;
305 264 391 282 dicentem,
402 264 448 282 Raca,
461 268 507 280 reum
518 263 597 284 coneilio;

222 288 308 306 dicentem,
316 289 368 306 Fatue,
377 293 422 304 reum
430 290 490 304 aeterno
497 288 576 304 incendio.

242 313 324 328 Volentem
332 313 361 329 tibi
369 317 427 328 munus
435 313 494 329 offerre
502 315 529 328 aut
537 312 597 328 cultum

221 337 321 358 impendere,
332 337 394 358 jussisti
408 337 460 358 primo
470 337 551 353 offensum
562 342 571 353 a
581 342 597 353 se

222 361 285 382 placare
292 364 329 378 aetu
336 364 364 378 aut
371 362 453 383 proposito
460 362 598 382 animie‚tuncque

222 386 286 402 offerre.

242 411 355 432 inspicient-em
373 411 450 427 feminam
468 411 598 431 concupiscentia

221 435 320 454 dominante,
328 435 382 451 dixisti
391 435 497 455 moechatum3
506 435 596 451 membrum

644 189 696 207 Quum
707 189 764 205 oculus
774 189 824 205 fuerit
834 188 909 209 simplex,
917 193 945 204 seu
957 190 998 204 reeta

625 214 698 232 intentio,
710 215 761 229 totum
774 218 832 234 corpus
847 218 875 229 seu
888 213 997 234 operationum

624 238 716 259 congeriem
726 243 761 254 esse
771 238 859 254 virtuosam
866 242 884 254 ac
892 237 968 255 lucidam,
976 237 997 252 di-

625 263 661 278 xisti
672 267 692 278 ex
702 263 761 279 animo.

645 287 714 303 Intentio
724 288 767 303 enim
778 287 858 308 imprimit
868 287 913 308 operi
923 287 997 307 speciem,

625 314 641 328 et
652 312 721 333 simplex
732 314 756 328 est
769 312 796 328 illa
807 312 855 332 cujus
867 312 908 328 Deus
920 313 944 327 est
956 311 998 329 finis,

624 341 661 357 quae
668 337 723 357 dirigit
730 336 749 352 od
757 336 807 352 vitam
815 341 908 357 perennem.

644 361 729 377 Neminem
737 366 783 382 posse
791 361 875 377 contrariis
883 360 953 376 dominis
961 365 999 381 puro

624 386 679 402 animo
691 385 708 401 in
720 386 795 402 omuibus
806 385 887 402 deservire
898 385 964 405 dixisti;
975 390 998 400 su-

625 410 704 431 perfluam
718 415 782 431 quoque
794 410 837 426 circa
848 410 943 430 temporalia
958 409 999 426 solli-

625 435 720 454 citudinem,
735 437 751 451 et
766 440 821 451 curam
836 435 853 450 in
867 435 956 450 crastinum
972 439 999 450 seu

222 464 286 480 quoque
293 460 401 476 scandalizans
409 465 444 476 esse
452 460 540 476 tollendum
548 464 598 480 qunn—
606 460 617 475 B
625 460 697 475 futurum
708 460 778 478 anxiam,
787 459 889 480 prohibuisti.

222 486 257 500 tum
268 485 288 500 ad
298 490 346 500 usum
356 485 436 500 illicitum.

243 509 331 529 Conjugem
340 514 404 530 quoque
414 514 445 525 non
454 509 558 525 deserendam
566 509 597 524 nisi

222 533 243 549 oh
251 533 374 549 fornicationem
381 538 385 553 ;
393 538 423 550 nec
432 533 518 554 jurandum
526 533 597 551 omnine.

222 560 288 579 propter
304 558 384 574 vitandam
403 558 497 574 inordinatas
512 558 598 578 jurationis

222 587 328 598 occasionem.

242 607 313 623 nocuisti
325 607 367 623 malo
379 612 408 623 seu
421 607 504 627 injurianti
515 611 547 623 non
560 607 598 622 resi-

221 633 269 650 stere,
281 632 308 648 sed
322 636 370 647 unam
381 632 448 647 caedenti
460 632 548 650 maxillam,
560 631 599 647 alte-

221 660 255 671 ram
267 660 331 677 quoque
343 656 420 677 praebere,
431 656 487 672 saltem
499 656 549 671 animi
562 660 600 676 pru>-

221 681 308 701 parationev

241 705 332 725 Praecepisti
350 705 401 723 nobis,
417 709 427 721 o
441 705 509 723 Christe,
525 705 599 721 inimicos

222 729 295 749 diligere.
309 729 441 745 maledicentibus
457 729 556 747 benefacere,
571 734 599 750 pro

644 484 720 500 Paucitati
734 484 821 500 electorum
834 484 850 500 in
862 484 921 500 saeculo
935 484 967 499 isto
978 483 999 499 lo-

625 511 671 524 cutus
686 513 703 524 es
715 509 839 525 consolatorium
851 509 918 524 verbum
931 513 936 524 :
948 508 999 524 Nolite
1014 513 1056 523 aaut

624 533 714 554 (inquiens)
721 534 783 552 timere,
789 533 858 554 pusillus
865 533 951 554 grex,quia
958 537 999 549 eom·
1004 529 1019 539 ⁸²·

626 558 687 578 placuit
694 558 735 573 Patri
743 558 780 573 dare
788 558 834 574 vobis
842 562 914 578 regnum.

645 582 718 598 Judicare
730 584 746 598 at
758 582 864 598 condemnare
874 582 920 600 alios,
930 582 999 597 maxime
1008 586 1057 597 ,ιι-ιιιπ.

627 607 643 623 in
656 607 727 626 incenis,
738 607 822 623 inhibuisti
829 611 833 626 ;
841 607 924 627 ignoscere
934 611 973 622 vem
984 603 1030 622 21¹⁴*

627 632 704 652 proximis
716 632 760 650 dare,
773 631 884 652 magistrorum
895 631 961 652 optime,
974 631 1000 646 do-

627 656 680 671 cuisti.

647 680 691 699 Quod
703 680 780 696 festucam
793 680 809 696 in
821 680 862 699 aliis,
874 680 935 696 trabem
947 682 999 696 autem

628 705 643 720 in
655 705 702 721 nohis
713 709 745 721 non
756 705 843 723 cernimus,
854 704 939 725 increpasti
946 709 951 724 ;
959 706 975 720 et
984 706 1001 720 nt

627 730 680 750 primo
687 730 748 745 trabem
756 730 776 745 de
784 730 853 750 propriis
860 730 945 750 ejiciamus
952 729 1001 745 oculis

222 754 356 774 persequentibus
361 755 377 769 et
382 754 519 770 calumniantibus
527 758 598 770 exorare.
608 755 619 771 C
627 754 723 770 informasti.

242 778 280 797 Hoc,
291 778 358 794 Domine
371 778 414 797 Iesu,
426 781 443 794 ut
455 778 506 794 simus
519 778 550 794 filii
562 778 599 794 ado-

222 803 262 824 ptivi
274 803 324 819 Patris
336 803 360 818 tui
373 803 450 818 naturalis
462 805 510 824 atque
523 803 598 821 coelestis,

223 827 250 848 qui
260 827 372 848 multiplieiter
379 827 465 845 benefacit.
474 827 515 848 pluit
522 829 538 843 et
546 827 598 843 lucem

222 852 261 868 solis
268 852 328 868 emittit
336 852 401 872 ingratis
409 854 425 868 et
432 852 509 872 reprobis.

242 877 271 895 Tu,
283 876 312 892 Fili
324 876 357 895 Dei,
369 877 485 898 hominumque
496 878 562 895 amator,
574 876 598 897 ju-

222 901 251 917 bes
266 905 295 917 nos
307 906 342 917 esse
356 901 436 922 perfectos
450 903 466 917 et
481 901 597 920 misericordes,

223 926 358 946 quemadmodum
366 926 411 941 Peter
421 927 474 941 noster
484 925 553 941 coelestis
563 930 598 946 per-

223 950 275 966 fectus
283 952 299 966 et
306 950 343 971 pius
351 952 380 969 est,
389 950 416 971 qui
424 952 467 966 amat
475 950 567 966 concordes.

242 974 291 990 Juhes
303 979 323 990 ne
337 975 416 995 justitiam
428 977 499 990 nostram
512 975 533 990 ob
546 975 561 990 id
576 975 598 991 fa-

223 999 285 1015 ciamus
300 1004 353 1015 coram
368 999 467 1018 hominibus,
480 1001 498 1015 ut
509 999 598 1018 videamur,

224 1028 329 1040 muneremur
336 1024 370 1040 sive
378 1024 462 1039 laudemur
469 1024 489 1039 ab
497 1024 525 1040 eis,

647 779 669 795 Ne
677 781 749 794 sanctum
757 778 825 794 cunibus
835 779 959 799 margaritasque
967 783 1001 799 por-

627 803 650 819 cis
657 803 719 822 demus,
727 803 789 823 jussisti
798 808 802 819 1
811 803 847 819 ideo
857 803 960 824 proponenda
967 808 1001 819 esse

627 828 762 848 proportionanda
779 828 863 848 capacitati
881 832 909 843 seu
928 828 1000 848 dignitati

627 852 701 870 aliorum,
710 852 782 868 innuisti.

646 876 669 892 Ad
681 877 759 892 orandum
772 876 870 892 fiducialiter
881 881 910 892 nos
924 877 1000 895 excitans,

627 901 716 917 disseruisti
726 901 790 917 :Omnis
798 901 826 922 qui
834 902 879 922 petit,
887 902 952 922 accipit,
961 907 1000 923 qum-

627 930 696 946 rensque
704 926 770 944 invenit,
779 928 795 941 et
802 926 883 946 aperietur
891 926 967 947 pulsanti.

646 950 697 969 Ouum
715 950 759 966 enirn
774 952 819 971 pater
833 952 912 969 terrenus,
927 951 1000 971 quamvis

626 974 697 995 iniquus,
709 975 735 990 det
746 975 781 990 filio
793 975 834 991 bona
846 975 939 995 postulanti,
951 975 1000 991 multo

626 999 696 1019 amplius
710 1001 733 1017 tu,
745 999 790 1015 Pater
802 1001 857 1015 noster
868 1000 943 1018 coelestia,
957 1000 1000 1016 dahis

626 1023 701 1044 spiritum
712 1024 772 1040 bonum
785 1024 829 1040 fideli
842 1026 858 1040 te
869 1024 967 1040 fiducialiter
976 1025 1000 1040 de

243 1048 324 1064 Orandum
331 1053 395 1069 quoque
400 1049 448 1064 doces
455 1048 510 1064 clauso
517 1049 598 1068 cubiculo,
606 1049 619 1065 D
626 1048 703 1069 precanti.

223 1075 239 1089 et
256 1077 307 1093 quum
324 1073 422 1093 jejunamus,
441 1078 500 1093 ungere
516 1075 565 1094 eaput
582 1074 598 1089 in

222 1097 286 1118 gaudie,
295 1099 312 1113 ut
319 1097 381 1113 vanitas
388 1096 487 1118 propellatur
494 1097 514 1113 ab
522 1098 580 1114 animo.

243 1147 266 1162 Da
276 1146 328 1165 nohis,
337 1146 404 1165 Christe,
412 1146 446 1162 hoec
457 1146 511 1162 omnia
521 1147 598 1167 adimple-

223 1176 246 1190 re,
250 1173 266 1187 et
273 1176 340 1187 summas
348 1171 420 1187 Trinitati
425 1171 502 1187 honorem
509 1174 525 1187 et
532 1171 599 1192 glorium

224 1196 240 1212 in
250 1196 325 1212 omnibus
335 1196 417 1212 exhibere.

258 1248 302 1263 Laus
309 1247 341 1263 Dei
347 1252 368 1262 2oe
374 1247 470 1266 Evangelio,
478 1248 498 1262 de
504 1248 563 1263 eodem.

243 1294 337 1310 l’mzmusn
354 1298 374 1309 ne
389 1293 515 1309 thesaurizemus
532 1294 548 1309 in
566 1296 597 1310 ter-

223 1323 246 1338 ra,
255 1318 282 1334 sed
292 1318 308 1334 in
319 1318 359 1334 coelo
368 1322 371 1334 :
380 1318 456 1339 quoniam
467 1318 494 1334 ubi
505 1319 595 1338 thesaurus,

646 1073 665 1089 Ut
676 1078 696 1089 ea
707 1077 773 1093 agamus
785 1073 863 1094 proximis
876 1078 911 1094 quae
923 1073 970 1089 nobis
981 1074 1000 1089 ab

626 1097 658 1113 illis
671 1097 707 1113 fieri
719 1097 836 1114 rationabiliter
846 1098 926 1117 volumus,
937 1098 985 1118 jubes
996 1102 999 1114 :

626 1126 645 1138 eo
652 1122 695 1143 quod
705 1122 735 1138 hoc
745 1122 770 1138 lex
780 1122 801 1138 sit
810 1124 826 1138 et
834 1122 920 1143 rrnpnem,
928 1123 971 1139 sicut
978 1125 999 1141 tn,

626 1146 694 1165 Christe,
702 1147 729 1162 Dei
738 1147 823 1168 sapientia,
831 1147 883 1163 doces⁴

645 1172 674 1187 Per
686 1174 769 1192 angustam
781 1174 844 1192 portam
855 1174 948 1193 arctamque
960 1173 1000 1189 viam

626 1201 655 1212 nos
663 1197 686 1212 ira
695 1196 714 1212 ad
725 1197 774 1212 vitam
784 1198 859 1212 oeternam
868 1197 958 1218 mandasti;
966 1202 1000 1218 por·

626 1225 648 1239 ro,
661 1221 704 1242 quod
717 1221 748 1236 lata
759 1221 780 1236 sit
792 1221 818 1237 via
831 1221 931 1242 perditionis,
943 1222 1000 1243 spatio-

625 1250 674 1266 saque
682 1247 728 1266 porta
735 1245 847 1264 damnationis,
855 1248 873 1261 tu
880 1246 960 1262 revelasti.

645 1270 698 1286 Virtus
706 1275 775 1291 namque
780 1270 853 1286 consistit
861 1270 877 1286 in
884 1271 999 1292 madidamque

624 1295 667 1311 circa
681 1294 759 1313 difficilia,
772 1297 820 1315 atque
834 1300 854 1311 ex
866 1295 927 1315 integra
941 1300 998 1315 eausa3

623 1324 690 1340 peccare
701 1323 739 1335 vero
749 1319 827 1340 contingit
839 1319 928 1335 innumeris
940 1320 997 1338 modis,
