1083 1563
21 523 100 535 ,ia-amum.

22 540 38 549 in.

32 1314 49 1325 oo
56 1314 88 1325 neci.

24 1330 53 1341 aa«.
58 1333 69 1341 ε.
73 1333 85 1341 v.

176 132 290 144 ΕᾸΙΑΤΠΙΔᾺΙἹΙ
302 133 318 144 ΙΝ
328 133 385 145 onom!
395 133 417 145 ΑΙ)
427 133 468 145 own
479 133 590 145 concionum
600 133 701 145 mot-mma.
710 138 729 141 —
737 133 771 145 ΛΠ.
780 133 817 145 ΠΙΙΙ

857 129 884 145 ¹8¹

107 174 182 190 actioAd
190 175 273 191 scientiam
282 177 335 191 autem
342 175 373 191 tria
381 177 484 194 concurrunt,
492 175 504 191 Α
512 175 595 191 dumtaxat
607 176 680 197 sequitur
692 176 798 196 illuminatio;
811 178 828 192 et
842 175 886 191 simi-

107 198 170 214 ecilicet
179 203 182 215 :
191 200 265 220 expulsio
276 200 357 219 contrarii,
369 200 431 216 scilicet
441 200 485 221 igno-

107 223 169 242 nntiae,
178 223 238 240 infusio
246 224 318 243 luminis,
326 227 342 240 et
352 224 387 245 ipsa
396 224 485 240 substantia

107 248 210 268 cognitionis.
226 249 281 270 ltaque
298 249 350 270 quoad
367 249 443 270 primum,
461 251 485 265 est

107 273 191 293 purgatio-3
204 274 256 294 quoad
269 274 364 292 secundum,
377 273 484 293 illuminatio;

107 298 160 318 quood
170 298 243 316 tertium,
253 298 336 319 perfectio,
348 298 420 319 Purgatio
430 300 483 314 eutem

107 321 143 340 ista,
154 326 186 338 non
196 324 221 338 est
232 327 242 338 a
254 323 307 343 culpa,
318 327 370 343 neque
381 322 402 338 ab
414 323 484 338 immun-

107 346 152 365 ditia,
164 347 193 362 sed
205 352 214 363 a
226 347 358 363 dissimilitudine
373 347 485 363 minoratione-

107 376 139 391 que
151 371 223 390 luminis,
232 372 321 387 secuudum
333 372 427 392 Dionysium
437 372 484 388 tertio

107 396 180 411 Coelestis
192 396 285 412 hierarchia
296 396 372 417 capitulo,

128 420 150 436 Do
158 420 276 437 illuminatione
283 423 336 437 autern
344 421 443 442 angelorum,
449 422 484 442 qui-

107 445 144 460 dam
152 445 228 461 dixerunt
237 446 280 466 quod
291 446 375 462 inferiores
386 450 417 462 non
428 446 484 462 vident

513 200 549 216 liter
567 200 587 216 de
607 200 724 216 illuminatione
742 202 816 221 respectu
834 200 886 221 perfe-

512 224 575 240 ctionis.

602 291 724 307 ARTICULUS
735 291 797 307 XLIII.

512 326 536 342 De
543 326 624 341 diuisione
634 326 712 345 anyelt'coe
722 326 821 341 hierarchice
828 326 846 341 s'n
855 328 888 342 trec

562 348 665 363 hierarchias
674 350 689 363 et
699 353 755 363 nouem
764 349 835 364 ordines.

544 397 612 413 nitu-:x
628 399 682 413 autern
697 397 778 413 iuvenitur
792 397 886 418 augelorum

550 421 633 437 distinctio
641 426 644 437 :
653 426 690 440 unn,
699 422 824 438 hierarchiarum
832 422 853 438 ab
863 422 886 438 in-

511 446 574 466 viee-m
585 446 660 465 secunda,
673 446 748 462 ordinum
760 446 833 466 ejusdem
846 447 887 463 hier-

108 469 158 485 Deum
167 474 196 490 per
205 470 298 489 essentiam,
309 470 337 486 sed
347 472 394 491 prout
403 475 413 486 a
422 470 483 491 superi·
490 472 502 488 B
511 471 579 491 archim
591 471 643 489 tertia,
655 471 747 491 angelorum
760 471 808 487 unius
820 471 886 487 ordinis.

107 494 163 510 oribus
176 494 277 510 illustrantur
290 499 293 510 z
306 497 394 515 quocontra
405 495 483 516 scriptum

107 521 137 537 est,
148 519 204 539 Angeli
214 524 270 535 eorum
283 524 347 540 semper
359 520 414 535 vident
426 520 483 535 faciem

107 543 162 559 Patris.
168 543 199 559 Alii
207 544 283 560 dixerunt
290 548 346 560 omues
354 544 418 565 sngelos
427 544 443 560 in
451 549 484 560 om—

107 568 155 584 nihus
162 573 172 584 a
180 568 212 584 Deo
222 569 314 584 immediate
325 569 418 587 illuminari,
426 574 483 590 negan-

106 595 130 608 tes
137 594 189 608 totum
197 597 290 614 processum
300 593 371 614 Dionysii
380 598 384 609 z
392 594 419 614 qui
430 596 483 609 tamen

105 617 228 633 auctoritatibus
238 618 325 638 Scriptum
334 618 418 634 roboratus
427 620 456 637 est,
464 623 483 634 ac

106 642 239 663 philosophorum
254 643 331 658 doctrinas
347 643 437 659 concordat.
452 643 483 659 lde-

105 666 147 682 diam
160 671 199 687 ergo
211 667 254 683 viam
269 667 338 683 tenendo
352 667 438 683 dicendum
452 669 482 686 est,

104 691 148 712 quod
158 696 215 707 omncs
227 691 282 707 vident
292 692 343 707 Deum
355 692 446 708 immediate
455 694 483 708 :et

106 716 139 732 hac
152 718 178 731 ost
193 716 249 732 fruitio
261 718 278 732 et
292 716 374 732 beatitudo
388 721 455 736 eorum;
467 719 483 732 et

105 740 157 761 quoad
173 740 220 759 hauc,
234 745 276 756 unus
288 746 320 757 non
333 741 413 757 illuminat
426 741 481 757 alium.

513 496 531 511 Et
545 495 621 516 quaelihet
636 496 699 511 illarum
714 495 783 511 sumitur
797 496 886 512 secundum

511 521 590 536 diversam
601 520 723 541 dispositionem
731 525 759 536 seu
768 520 887 541 proportionem

511 545 530 560 ad
538 545 647 565 receptionem
654 545 705 561 divini
716 544 787 560 luminis.
795 545 835 561 Nam
846 545 888 561 hier-

511 570 601 585 archiarum
616 569 700 585 diversitas
714 571 738 585 est
752 570 841 585 secundum
854 574 887 585 rno-

511 594 550 610 dnm
567 594 655 615 recipiendi
672 594 734 609 divinas
751 594 887 614 illuminationes;

511 619 586 634 ordinum
594 621 653 637 autern,
661 618 750 634 secundum
760 619 832 634 diversos
842 621 887 634 actus

510 643 530 659 ad
542 647 582 664 quos
596 643 670 659 divinum
685 643 739 658 lumen
752 643 816 663 pcrl'icit
830 647 886 659 secun-

510 668 548 683 dum
557 667 672 688 perlectionem
682 667 759 688 majorem
769 669 786 683 et
796 667 885 687 minorem;

510 692 594 708 diversitas
604 696 642 708 vcro
652 696 756 712 personarum
767 692 815 707 nnius
825 692 886 708 ordinis

510 718 534 732 est
548 717 638 732 secundum
654 717 734 732 diversam
749 716 825 732 virtutem
840 721 886 732 exse-

510 741 569 762 quendi
580 743 625 757 actus
636 741 729 757 efficaciter.
740 740 779 756 Nam
789 740 886 757 ecclesiasti-

104 764 135 780 Sed
143 769 175 781 non
183 767 247 786 oportet
255 767 272 781 ut
281 765 309 786 qui
320 770 384 782 ausam
395 766 482 786 cognoscit,
491 767 502 784 c
510 770 528 781 ca
538 765 628 782 hierarchia
637 765 741 786 distinguitur
751 770 760 781 s
771 765 838 784 coelesti,
848 765 886 786 quia

104 790 159 805 omnis
166 790 207 805 sciat
214 794 250 810 qua
257 790 274 805 in
282 792 359 811 potestate
369 795 421 806 causae
432 790 482 806 conti-

104 816 169 832 nentur,
180 814 211 830 nisi
223 819 286 830 eausam
300 815 345 830 illam
357 814 427 835 perfecte
440 819 482 831 com-

104 839 194 859 prehendat
202 843 206 854 :
214 841 230 855 et
239 839 275 855 ideo
286 839 360 860 superior
371 839 443 860 angelus,
453 840 481 861 qni

104 863 154 879 Deum
167 863 227 879 clarius
239 863 288 882 videt,
299 864 318 879 de
330 864 390 880 divinis
402 864 482 885 mysteriis

103 890 152 908 atque
159 888 247 904 effectibus
255 888 347 904 inferiorem
356 888 425 904 illustrat
432 891 448 905 et
455 889 482 905 do-

104 914 133 928 cot⁴
143 913 242 929 llluiuinatio
252 917 317 934 quoque
328 913 367 931 hose,
375 918 407 929 uon
417 915 442 929 est
453 918 481 934 per

104 938 203 953 creationem
213 937 251 953 novi
264 937 336 956 luminis,
344 938 372 954 sed
384 943 413 959 per
425 938 481 954 imme-

104 962 164 978 diatam
183 962 309 983 applicationem
327 964 344 978 et
361 962 481 978 irradiationem

105 987 164 1002 mentis
172 987 192 1002 ad
201 988 276 1002 mentem.
285 987 329 1003 Unde
337 991 368 1003 non
376 989 400 1003 est
410 987 432 1003 ibi
442 987 481 1003 ima-

103 1011 192 1032 ginaudum
201 1011 272 1027 medium
280 1011 354 1027 deferens
361 1016 412 1032 neque
420 1012 481 1028 situalis

103 1036 185 1054 distantia,
195 1036 223 1052 sed
236 1036 269 1052 sola
281 1036 369 1057 spiritualia
381 1037 464 1053 conversio
476 1041 480 1053 :

510 790 568 811 recipit
575 790 629 806 lumen
639 790 713 806 divinum
723 790 754 806 suh
764 790 844 806 velamine
851 795 887 806 sen-

509 815 581 830 sibilium
599 815 687 830 l'ormaruin
709 815 725 830 in
743 815 848 830 sacramentis
867 819 886 830 ac

509 839 595 860 Scripturm
603 839 709 860 metaphoris3
714 839 742 855 sed
749 839 822 859 angelica
829 839 886 860 recipit

509 864 548 879 illud
557 868 597 884 pure
606 866 622 879 et
631 863 732 884 simpliciter.
741 864 760 879 Et
770 864 807 879 licet
817 863 843 879 hic
851 868 885 879 mo-

508 888 538 904 dus
546 888 566 904 sit
573 888 649 904 omnihus
656 888 672 904 in
680 888 788 904 ecclesiastica
795 888 885 904 hierarchia

508 913 605 931 communis,
623 915 677 928 tamen
695 917 751 928 eorum
769 914 806 928 suut
824 912 884 928 diversi

508 939 559 956 actus,
569 937 658 953 secundum
670 941 710 958 quoe
722 937 781 953 diversi
793 939 831 953 sunt
842 937 884 953 ordi·

508 966 537 978 nes
552 966 556 977 z
571 962 609 982 quia
623 961 664 977 alius
678 964 702 977 eat
716 963 762 977 actus
776 961 883 980 sacerdotum,

508 986 549 1002 nlius
556 986 665 1002 diaconorum.
670 986 689 1001 Et
697 986 713 1002 in
720 986 776 1002 eodem
784 986 841 1002 ordine
848 988 885 1002 sunt

508 1011 535 1027 alii
546 1011 582 1026 aliis
593 1010 644 1031 magis
656 1010 713 1026 idonei.
724 1010 836 1029 Conformiter,
847 1010 884 1026 licet

509 1036 524 1051 in
537 1035 613 1056 prndicto
628 1035 675 1051 modo
690 1035 778 1056 recipiendi
791 1035 845 1051 lumen
860 1035 884 1051 di-

103 1061 141 1082 quia
153 1061 242 1077 secundum
254 1061 367 1082 Augustinunn
378 1062 420 1082 qnod
430 1064 454 1078 est
464 1062 480 1078 in
488 1062 501 1078 l)
508 1060 570 1079 vinum,
577 1065 634 1076 omnes
645 1060 697 1080 angeli
709 1060 815 1080 conveniant;
823 1060 850 1075 alii
862 1062 884 1076 ta·

103 1085 215 1107 corporalibus
231 1086 277 1105 situs,
293 1086 323 1102 hoc
338 1086 354 1101 in
369 1086 480 1107 spiritualibus

103 1110 143 1126 ordo
153 1112 183 1126 est

122 1135 171 1151 Porro
185 1135 257 1151 actiones
269 1135 304 1151 istm
315 1135 419 1152 hierarchicas
431 1141 480 1157 quan-

102 1160 155 1180 doque
167 1160 257 1175 secundum
270 1164 304 1176 rem
317 1160 438 1181 conjunguntur
449 1165 452 1176 :
464 1163 479 1177 et

102 1184 139 1200 ideo
151 1188 183 1200 non
197 1184 228 1200 nisi
241 1184 330 1200 secundum
343 1185 420 1200 rationein
432 1185 479 1201 diffe-

102 1211 145 1224 runt.
160 1208 217 1225 Omnis
233 1213 303 1230 namque
320 1209 412 1230 perficiens,
428 1210 444 1225 in
460 1214 480 1226 eo

102 1233 145 1254 quod
154 1233 224 1254 perficit,
233 1233 314 1249 illuminat
324 1236 340 1250 et
350 1236 412 1255 purgat,
421 1237 436 1250 et
447 1239 480 1250 om-

103 1258 128 1274 nis
140 1258 235 1274 illuminans
246 1260 312 1279 purgat5
320 1259 348 1275 sed
359 1264 391 1275 nou
402 1260 480 1275 converti-

102 1284 134 1301 tur,
144 1284 162 1298 ut
173 1283 255 1304 prmcipuo
267 1285 309 1304 patet
322 1283 338 1299 in
350 1283 440 1300 hierarchia
452 1284 480 1299 hu-

102 1312 155 1326 mana,
168 1308 258 1323 secundum
273 1308 366 1329 Dionysium
379 1313 382 1324 :
395 1309 433 1329 quia
448 1313 479 1325 non

101 1332 193 1354 quamlibet
211 1333 328 1354 purgationem,
346 1333 374 1349 scd
391 1333 480 1354 perlectam

508 1089 545 1101 men
552 1085 589 1100 aliis
596 1084 677 1105 recipiunt
682 1084 793 1100 universaliori
800 1084 884 1105 altiorique

508 1110 560 1126 modo.
569 1110 601 1125 Hoc
611 1112 665 1125 nutem
677 1114 709 1125 nou
720 1109 750 1125 nisi
762 1109 849 1130 tripliciter
858 1114 884 1125 va-

508 1135 558 1151 riatur
566 1139 569 1150 :
578 1135 615 1156 quis
623 1137 650 1150 aut
661 1135 741 1155 recipiunt
749 1134 883 1151 illuminationem

508 1160 524 1176 in
539 1160 574 1180 ipso
586 1159 648 1180 fulgore
663 1159 721 1175 divina
732 1159 784 1179 lucis;
796 1161 812 1175 et
824 1159 847 1175 sic
859 1161 884 1175 est

507 1185 560 1205 prima
571 1184 666 1202 hierarchia,
678 1189 714 1205 qua
724 1184 805 1205 cognoscit
820 1184 883 1200 divinos

507 1209 576 1225 effectus
587 1209 603 1225 in
615 1209 650 1230 ipsa
659 1209 711 1229 prima
722 1209 808 1225 universali
819 1214 867 1225 causa
878 1213 882 1225 :

507 1237 523 1251 et
531 1235 567 1250 ideo
577 1234 620 1250 circa
631 1234 680 1250 Deum
693 1239 728 1250 esse
740 1234 821 1253 dicuntur,
829 1237 845 1250 et
856 1240 883 1251 no-

508 1264 545 1275 meu
552 1259 641 1275 sortiuntur
648 1258 668 1274 ah
679 1261 715 1274 actu
722 1259 750 1280 qni
758 1261 782 1275 ost
790 1259 882 1275 immediate

507 1284 550 1300 circa
562 1284 617 1299 Deum.
630 1284 662 1299 Aut
674 1286 772 1304 cognoscunt
782 1288 807 1300 res
820 1284 836 1299 in
847 1284 882 1300 uni-

507 1309 596 1325 versalibus
609 1313 662 1324 rerum
678 1309 766 1324 rationibus
779 1313 783 1324 z
795 1311 812 1324 et
823 1309 846 1325 sio
858 1311 882 1325 est

507 1334 598 1350 hierarchia
605 1334 680 1352 secunda,
685 1338 720 1354 qum
727 1333 828 1349 illuminatur
835 1338 844 1349 a
851 1334 883 1355 pri-
