1083 1563
203 116 235 133 282
329 122 349 133 ns
360 122 441 134 υιετΑΝτῐΔ
452 122 560 134 ΡΕΠΡΕΕΉΩΝΙΕ
571 122 628 134 mvnvs
638 123 657 134 Βι-
667 122 740 134 aunum.
749 127 769 130 —
776 123 811 135 Αιιτ,
820 123 857 135 xxlv

203 164 260 180 etualis
274 165 317 185 (quae
331 165 419 181 seeundum
434 165 541 184 Aristotelem,
554 167 578 181 est
585 165 598 181 Δ
605 165 629 181 dit
639 170 668 181 seu
679 166 753 187 concipit,
764 168 812 186 etque
823 166 840 181 in
850 166 886 186 ejus
898 170 946 186 quem
958 165 982 181 in-

203 189 248 205 locus
262 189 389 210 intelligibilium
405 190 504 210 specierum)
518 190 577 206 formas
605 190 663 211 telligit
673 190 759 206 dilectione
770 190 872 206 flammescit.
885 190 917 206 Hoc
927 192 982 206 autem

203 213 312 234 intelligibiles
324 214 403 230 stabiliter
415 215 478 233 retinet,
491 217 539 235 atque
554 215 577 230 iu-
605 219 670 231 neeesse
680 217 704 231 est
714 215 756 234 fieri,
767 215 805 231 dum
816 215 870 231 anime
881 215 931 231 Deum
944 219 982 230 con-

201 238 284 254 tellectum
295 241 369 260 prompte
379 241 395 255 ct
404 239 449 255 velut
458 239 533 255 continue
547 239 577 255 ror-
605 240 691 260 templatur
701 241 717 255 et
725 242 773 255 amat.
781 239 854 260 Concipit
865 239 908 255 enim
918 239 938 255 de
949 239 982 255 Dee

202 265 235 278 mat
248 265 265 279 et
278 265 336 279 actuat.
352 264 418 284 Propter
432 264 475 284 quod
486 264 577 280 intellectus
605 264 683 280 rationein
698 264 732 283 Dei,
746 264 809 280 scilicet
822 264 865 285 quod
880 264 902 280 sit
917 268 982 279 summa

202 287 218 303 in
229 288 321 304 divinorum
336 288 446 309 speculatione
460 288 546 307 stabilitur,
562 290 578 304 et
605 289 677 309 quiedam
689 289 764 307 essentia,
775 291 834 305 mern·
846 289 912 305 omnino
923 291 940 304 et
951 288 981 304 im-

201 317 231 328 nec
248 312 284 333 ipsa
298 313 371 328 voluntas
388 318 398 328 a
413 313 521 334 spiritualium
538 313 578 329 dile-
605 318 664 329 mensa.
680 314 733 332 Porro,
751 318 799 334 quam
817 313 886 329 libenter
901 313 922 329 eit
939 313 981 329 Deus

201 337 254 353 ctione
265 339 330 358 propter
340 342 417 353 sensuum
430 337 506 353 affectum
519 337 578 353 inordi-
604 343 641 354 curn
653 338 682 354 tali
694 338 752 357 anime,
766 340 833 356 constat,
846 338 859 354 si
872 338 954 353 credimus
965 338 980 353 ei

201 363 256 377 natum
268 366 287 377 ac
298 362 400 378 immundum
411 362 494 380 avertitur.
506 363 533 378 sed
545 364 577 378 tota
604 363 631 383 qui
644 363 683 378 dicit
696 367 699 378 :
713 363 777 378 Deliciae
792 367 831 379 meae
844 367 879 378 esse
891 367 929 378 cum
940 362 980 378 liliis
994 368 1058 380 mnam.

201 391 247 402 mens
263 387 334 403 hominis
352 387 399 403 fortis
417 389 523 408 constansque
540 387 576 403 erri-
603 387 693 403 hominum.
707 387 726 403 Et
741 387 794 403 denno
809 392 812 403 :
828 387 861 408 Ego
874 387 941 408 (inquit)
956 389 981 403 sto
988 385 1059 414 'June-m.

201 411 247 427 citur.
603 412 623 428 ad
637 412 696 428 ostium
711 414 727 428 et
740 412 797 433 pulso;
812 412 826 428 si
839 412 876 432 quis
889 412 929 427 milti
942 416 980 432 ape<
988 417 1007 426 m.

221 436 298 456 Denique,
307 436 395 452 secundum
405 436 485 452 Platonem
495 438 512 452 et
518 436 577 452 Aristc-
604 437 659 456 ruerit,
671 437 733 453 intrabo
745 437 764 452 ad
777 436 829 455 illum,
840 438 856 452 et
865 436 932 452 coennbo
942 441 980 452 cum

201 460 255 479 telem,
263 461 317 476 anima
326 461 423 481 quiescendo
433 461 453 476 fit
462 461 538 481 prudens,
547 461 576 477 mi·
585 462 596 477 B
603 466 627 478 eu.

200 485 254 505 tigatis
263 485 339 501 videlicet
350 485 421 506 itemque
432 486 531 501 cessantibus
541 491 576 501 scu<
623 486 666 502 Beati
679 486 707 507 qui
720 486 817 502 manducant
829 490 887 507 panem
899 486 916 502 in
931 490 980 506 reguo
1001 491 1029 502 ω
1037 494 1058 503 nv.

199 510 251 526 sitivis
264 510 371 530 passionibus,
385 510 455 526 motibus
467 513 483 526 et
495 511 558 526 actibus
571 515 575 526 z
603 511 630 527 Dei
640 515 643 526 :
654 511 734 532 siquidem
745 511 787 526 beati
798 511 826 531 qui
836 511 856 526 ad
866 515 929 526 coenam
938 510 979 530 Agni
989 507 1058 536 'jn-m<

200 534 293 555 ideoqueeo
301 534 440 555 purius,stabilius
448 535 576 551 anexcellcntius
603 536 654 551 vocati
669 537 711 551 sunt.
725 535 755 551 Sed
767 537 784 551 et
795 535 837 551 beati
849 540 890 556 quos
902 537 925 554 tu,
938 535 980 550 bone
987 539 999 549 ν,

201 559 256 575 divina
270 559 393 580 contemplatur,
405 559 458 580 diligit
472 562 488 575 ct
503 560 576 578 revolvit,
603 560 646 578 Iesu,
654 560 739 578 inhabitas,
748 560 764 575 in
772 564 840 580 quorum
849 559 942 580 praecordiis
949 564 980 575 coe-

201 588 233 604 quo
242 588 251 599 a
261 584 354 604 passionum
365 584 435 600 tumultu
446 584 577 605 exteriorumque
604 589 638 603 nas,
650 589 687 600 cum
699 584 759 605 quibus
771 586 803 600 tam
816 584 892 600 deliciose
904 584 980 605 quiescis.

201 608 262 629 impetu
277 609 347 629 amplius
361 611 458 629 segregatur.
471 609 490 624 Et
505 609 538 625 naec
553 611 577 625 est
604 609 644 628 Quid
658 609 748 625 Christiano
760 609 829 627 felicius,
841 609 868 625 cui
881 613 913 625 nou
927 609 981 624 solum

200 633 233 649 vita
245 633 375 654 contemplativa,
385 634 424 649 dum
436 638 453 649 se
464 634 518 652 horno,
528 639 577 654 quun·
604 634 720 655 promittuntur
732 638 780 654 regna
795 633 873 649 cceloruxn
888 633 904 649 in
919 633 981 651 rutum,

201 660 235 673 tum
248 658 332 678 praesentis
346 658 383 674 vitm
398 660 449 674 status
461 658 545 679 permittit,
557 658 577 674 ab
605 658 632 674 sed
640 663 676 674 eum
686 663 718 679 quo
725 663 766 676 esse,
774 658 846 674 habitare
854 660 902 679 atque
909 662 981 676 coenare,

201 682 277 698 omnibus
289 682 337 698 rebus
351 683 437 698 mundanis
451 685 499 704 atque
511 683 578 699 carnali·
604 685 641 699 sunt
656 683 718 699 deliciae
731 683 758 699 Dei
773 683 810 699 coeli
828 683 843 698 in
861 682 936 703 prasenti
951 682 983 698 boc

201 707 232 722 bus
244 709 277 723 toto
288 707 348 723 affeetu
364 707 440 727 sejungit,
453 712 505 728 neque
520 708 540 723 de
552 707 577 723 his
604 707 674 723 soeculoz
685 707 742 723 Anima
753 707 829 728 equidem
843 712 879 727 qum
890 707 930 722 hanc
941 707 983 722 divi-

201 736 237 752 quae
244 732 264 747 ad
274 736 333 752 corpus
342 736 440 752 sensumque
450 732 536 752 pertinent,
544 737 577 747 am-
605 737 642 748 nem
650 732 788 752 eoelilormcmque
798 732 848 747 vium
858 732 916 747 ducere
926 732 942 747 in
951 733 983 747 ter-

202 756 244 777 plius
255 758 300 771 curat
308 761 356 777 quam
369 756 455 772 necessitas
466 757 521 777 exigit,
531 759 548 772 et
558 757 577 772 ad
585 755 595 771 C
605 757 626 772 ris
636 756 698 777 satagit,
709 757 759 772 instar
769 756 831 777 speculi
841 756 932 775 clarissimi,
943 756 984 772 tersi

201 780 291 801 spiritualia
310 781 385 796 exercitia
403 781 510 797 continuanda
527 781 577 802 proli·
605 784 621 797 et
628 781 685 802 pervii,
691 781 749 797 divinae
758 781 798 797 lucis
805 783 821 797 et
828 781 883 801 gratim
890 781 984 801 susceptiva

202 810 250 821 cuum
265 805 299 821 rore
314 805 354 821 ratio
368 808 428 824 censet,
445 806 497 826 ipsum
513 810 577 826 quoque
605 808 634 824 est,
646 808 661 822 et
674 806 765 826 purissimis
778 805 914 823 meditationibus.
927 805 984 826 ignitis

202 830 302 846 intellectum
316 835 335 846 ac
350 830 449 851 superiorem
461 830 539 846 effectum
554 831 578 846 di·
605 830 694 849 ardoribus,
707 831 812 846 saei-usmetis
826 830 919 850 gemitibus,
933 832 984 850 atque

201 854 244 870 vinis
256 854 325 870 totaliter
337 855 422 875 mancipat,
434 855 515 870 immiscet
525 857 541 871 et
553 859 578 870 uc·
605 855 721 876 copiosissimis
731 855 818 875 gratiarum
828 854 918 875 augmentis
928 856 945 870 et
955 854 983 870 do-

202 881 255 900 cupat,
266 881 313 900 prout
323 879 397 895 humanae
409 879 489 900 fragilitati
501 879 577 900 possibile
605 880 631 895 nis
644 884 653 895 a
668 879 786 900 benignissimo
800 879 873 895 Creatore
889 879 983 898 adornatur,

202 906 231 920 est,
246 904 294 920 Porro
308 904 341 919 vita
357 904 393 919 talis
410 904 504 924 dignissime
522 904 578 925 utique
606 904 682 925 impletur
696 906 713 920 et
729 904 819 925 perficitur.
836 904 899 919 Etenim
915 908 948 924 quo
965 909 984 919 se

202 928 296 949 perhibetur
306 928 361 944 divina
369 933 373 944 2
381 931 406 944 est
417 929 460 944 enim
471 929 530 945 divinie
541 929 578 945 vitm
605 929 653 945 horno
663 929 714 949 magis
724 929 801 949 disponit,
809 933 828 944 ee
835 928 877 944 Deus
885 928 983 944 munifices<

202 953 289 969 simillima⁴
306 953 334 969 Dei
349 953 392 969 enim
410 953 442 969 vita
458 958 489 969 non
504 953 535 969 nisi
553 953 578 969 sui
605 954 637 969 tius
645 953 707 969 tribuit.

202 978 252 998 ipsius
270 978 384 998 contemplatio
401 979 426 993 est
442 980 490 998 atque
507 978 577 993 dilectio.

201 1003 286 1023 Quumque
300 1002 333 1018 vite
350 1002 378 1018 Dei
396 1002 459 1018 stabilis
476 1002 502 1021 sit,
517 1003 578 1018 incom-

202 1027 284 1043 mutabilis
296 1029 312 1042 et
327 1029 391 1045 aeterna,
405 1031 438 1047 quo
451 1027 499 1043 homo
515 1027 531 1042 in
546 1027 579 1043 vita
694 1019 817 1036 ARTICULUS
828 1019 891 1035 XXIV‘

202 1052 231 1067 hac
239 1051 367 1072 contemplative
376 1051 412 1067 vitas
423 1051 497 1067 stabilius
505 1052 546 1067 valet
554 1052 577 1067 in<
586 1053 598 1069 D
605 1056 629 1070 ΒΕ
641 1055 738 1070 eaecellentiu
750 1055 859 1074 quorumdam
874 1055 983 1070 emeritorum

202 1076 264 1094 sistere,
277 1080 296 1092 eo
308 1078 370 1092 const-st
380 1081 415 1092 eum
428 1076 523 1092 diviniorem
536 1081 577 1095 esse,
749 1077 839 1092 hominum.

202 1101 234 1117 Deo
251 1100 368 1119 amabiliorem,
383 1103 399 1116 et
416 1101 473 1116 rutum
493 1101 578 1117 beatitudi-

202 1126 227 1141 nis
237 1125 318 1146 copiosius
330 1125 380 1146 gloria
394 1126 517 1144 munerandum,
530 1128 578 1146 atque
641 1126 666 1142 UO
679 1127 732 1141 autem
747 1125 810 1141 divinas
824 1126 939 1146 omnipotentis
953 1126 983 1142 Dei

201 1150 221 1165 nd
235 1149 308 1165 altiorem
324 1150 390 1166 chorum
404 1150 495 1170 angelicum
510 1150 578 1166 transle-
649 1150 753 1171 proprietates
761 1152 834 1166 creatura
841 1151 939 1166 eminentius
946 1155 983 1171 par-

201 1175 275 1190 rendum.
605 1175 666 1196 ticipat,
678 1180 697 1191 eo
707 1175 801 1191 deiformior
812 1177 837 1191 est
847 1177 895 1196 utque
905 1178 983 1196 prosun-

221 1200 294 1220 Insuper,
303 1204 352 1220 quum
364 1199 380 1215 in
392 1199 424 1215 Deo
435 1199 456 1215 sit
465 1200 520 1215 aeterni
529 1199 578 1215 Verbi
605 1200 640 1215 tior.
654 1199 768 1220 Propriissimae
783 1204 821 1215 vero
833 1199 861 1215 Dei
876 1200 983 1220 proprietates

201 1224 286 1245 productio
298 1225 314 1239 et
325 1224 384 1239 amoris
397 1224 468 1244 spiratio,
481 1226 520 1240 tunc
532 1229 578 1240 mens
605 1229 640 1245 qum
652 1224 667 1240 ei
680 1224 778 1240 conveniunt
790 1224 806 1239 in
820 1224 876 1240 ordine
890 1224 910 1240 ad
922 1227 982 1243 creata,

201 1251 256 1265 nostra
268 1249 300 1264 Deo
315 1248 386 1269 gignenti
401 1249 501 1269 spirantique
515 1249 578 1265 confor-
605 1251 642 1265 sunt
652 1249 748 1264 universalis
758 1253 811 1264 rerum
821 1249 906 1265 eausalitas
915 1253 934 1265 ae
946 1254 983 1270 pro-

202 1275 260 1292 matur,
270 1278 321 1294 quum
328 1273 344 1288 in
355 1278 372 1289 se
380 1273 415 1294 ipsa
422 1273 490 1289 verbum
497 1273 578 1294 quoddam
605 1273 696 1289 videntinlis
710 1273 799 1294 dispositio.
814 1273 847 1289 Hoc
863 1278 921 1294 nempe
938 1274 982 1294 quod

202 1298 271 1314 mentale
282 1302 301 1313 ac
313 1298 394 1313 internum
407 1300 503 1318 conceptum
518 1298 537 1314 de
553 1298 578 1314 Di·
605 1298 677 1314 omniurn
689 1297 750 1313 entium
763 1297 861 1318 principium
876 1300 906 1316 est,
918 1300 935 1313 et
946 1302 983 1318 pro-

202 1322 268 1338 viuitete
276 1322 406 1338 intellectualiter
416 1322 480 1341 formet,
488 1322 578 1343 apprehen·
605 1322 662 1339 videns
677 1322 745 1341 cunctis,
758 1327 786 1338 seu
801 1322 876 1338 universa
887 1322 982 1343 disponens,
