1083 1563
153 478 207 490 aaut.

214 129 235 145 ³2

410 134 430 145 ΒΕ
440 134 502 146 NA'runA
513 134 572 146 annm
583 133 602 145 ιτ
611 134 647 145 vnn!
658 134 688 145 ner.
696 138 716 141 —-
727 134 762 146 Λιιτ.
773 134 799 145 xri

216 175 277 191 tionem
286 175 312 191 vel
324 175 446 196 possibilitatem
458 178 522 191 estnon
533 175 590 191 bonus.
598 176 611 191 Α
619 176 664 192 verit.
681 176 699 191 Et
714 176 812 197 respondens
825 180 829 191 z
842 175 915 196 Optimus
926 175 994 196 (inquit)

216 199 248 215 Hoc
263 202 316 215 autem
331 200 371 216 nulli
389 200 456 216 bonitati
473 202 534 218 ereatae,
550 200 590 216 nulli

216 224 283 240 bonitati
294 224 350 243 finitae,
361 225 401 240 nulli
414 225 481 240 bonitati
493 224 591 245 dependenti

215 251 306 270 competere
314 251 370 270 potest.
379 249 434 265 Omnis
442 249 516 270 equidem
528 249 591 265 bonitas

216 274 251 289 talis
262 274 349 290 bonitatem
359 274 449 295 perticipat,
458 276 474 289 et
483 274 538 290 divine
548 278 591 289 sum-

215 303 273 319 meque
281 298 351 314 bonitate
363 303 391 319 per
401 298 501 314 intellectum
509 298 591 319 paulisper

214 322 300 342 subtracta,
311 328 413 344 nequaquem
424 323 466 339 bonu
477 323 552 339 manebit⁴
561 323 591 339 Res

215 352 252 368 ergo
259 350 321 366 oreatus,
330 348 371 363 utin
383 348 424 364 libro
433 348 453 363 de
461 347 590 363 Hebdomadibus

214 374 270 388 mem
284 372 354 390 Boetius,
367 377 399 388 non
414 375 451 388 sunt
466 372 591 388 substantialiter

215 397 265 416 bon-9,
275 402 304 413 nec
312 396 424 413 substantialia
432 397 479 415 bonu,
485 397 513 413 sed
521 402 550 418 per
558 402 591 417 par-

214 421 325 442 ticipationem
332 421 424 441 dumtaxat;
432 426 461 437 nec
469 423 506 437 eunt
513 421 555 437 bonu
563 426 592 442 per

215 450 237 464 se,
246 446 273 461 sed
282 450 310 466 per
317 446 366 462 uliud.
374 446 493 464 Verumtamen,
502 446 590 461 secundum

618 203 662 220 erem
671 205 718 221 porro
727 200 747 216 eb
755 200 816 221 optimo
827 200 887 216 invidia
898 200 945 220 longe
956 200 994 215 rele-

618 226 653 245 gata
664 227 693 240 est
704 225 758 245 ltaque
769 224 794 240 sui
806 224 870 243 similia,
881 226 929 245 prout
939 224 994 240 unius-

618 249 697 270 cujusque
704 251 760 265 uature
767 253 816 270 capax
824 253 859 265 esse
867 250 994 270 poterat,cuucta

618 274 660 289 Deus
670 273 715 289 effici
726 273 782 289 voluit.
790 273 840 292 Quam
851 273 917 294 quidem
928 273 956 289 Dei
967 277 994 289 vo-

618 297 696 314 luntatem
708 298 786 318 originem
798 303 852 314 rerum
863 298 969 313 certissimam
980 297 993 313 si

618 323 655 343 quis
663 325 717 343 ponat,
725 325 768 338 recte
775 327 812 338 eum
823 324 879 343 putare
889 322 992 338 consentiam.

619 347 654 363 ΗΜ
666 347 715 363 verbe
724 347 793 363 Plutonis
800 347 908 363 Damascenus
918 348 993 365 sectatus,

619 372 671 392 primo
683 372 724 388 libro
734 372 773 387 dicit
785 376 788 387 ι
799 371 852 387 Bonus
863 372 941 387 exsistens
952 371 993 387 Deus

618 398 634 412 et
648 396 701 412 omnis
716 396 753 412 boul
768 396 842 414 tributor,
856 401 888 412 non
902 396 958 417 utique
971 396 994 411 in-

619 421 665 437 vidiae
679 423 707 437 aut
721 421 791 442 passioni
806 421 855 437 elicui
869 423 921 437 exstat
934 425 993 442 suppo-

618 446 658 461 situs
669 450 673 461 τ
687 446 734 466 longe
744 446 787 461 enirn
798 450 808 461 a
819 446 874 461 divina
885 447 947 464 nutura,
958 450 993 466 quae

215 470 292 486 'rhomam
303 470 319 486 in
327 470 379 491 prima
387 472 437 491 perte,
445 470 504 486 bouum
513 472 590 489 creatum,
598 472 609 487 B
619 470 723 491 impassibilis
735 472 751 486 et
762 470 796 486 sola
810 470 852 486 bone
865 472 895 488 est,
908 470 957 486 distat
970 470 992 485 iu·

215 495 290 515 quumvis
301 499 333 510 non
345 495 397 510 valeat
409 495 441 510 diei
454 495 514 511 bonum
527 499 555 516 per
567 499 589 513 se,

215 520 266 535 nihilo
279 520 332 535 minus
345 520 376 535 dici
389 521 441 541 potest
453 524 504 535 unum
519 524 547 535 seu
561 524 590 535 cns

215 549 244 565 per
255 549 301 560 suam
313 544 404 563 essentium,
417 544 493 565 quoniam
506 549 556 560 unum
568 544 591 560 in-

214 569 311 585 divisionem
319 569 397 589 designat,
405 571 421 585 et
429 574 457 584 ens
464 571 518 585 netum
526 569 589 584 essendi

214 594 294 614 importat.
303 594 340 612 Quae
351 594 374 610 rei
385 598 415 614 per
425 594 506 614 proprium
516 596 589 609 naturam

214 619 318 637 conveniunt,
334 623 365 634 non
379 618 435 639 utique
450 618 546 637 efficienter,
561 618 589 634 sed

214 643 303 659 formeliter
311 648 315 659 1
323 643 460 664 quemadmodum
471 643 519 659 horno
526 645 550 659 est
558 643 590 658 eni-

214 668 246 683 mul
258 673 286 688 per
297 672 313 684 se
324 668 417 686 formaliter,
425 668 501 688 qnoniam
512 672 547 683 esse
558 668 590 683 ani-

215 692 246 708 mal
259 694 283 708 est
295 692 315 708 de
327 692 388 708 ratione
400 692 481 712 hominis;
492 697 524 708 non
535 694 589 708 autem

214 717 310 735 efficienter,
326 717 364 737 quia
378 721 425 732 omne
440 719 516 735 ereetum,
532 717 552 732 de
566 721 588 735 se,

215 741 231 757 in
239 746 256 757 se
264 743 280 757 et
288 746 316 762 per
327 746 344 757 se
353 741 394 757 nihil
402 743 431 760 est,
439 741 514 757 effective
525 741 589 762 loquen-

618 495 665 510 vidia⁴
674 495 716 511 Deus
725 495 778 515 igitur,
787 497 863 516 tanquam
870 495 925 511 omnin
934 495 992 514 sciens,

618 522 634 535 et
644 520 687 540 quod
700 520 762 536 confert
774 520 861 541 unicuique
873 520 965 540 providens,
977 520 992 535 id

617 545 660 565 quod
673 545 712 560 utile
726 547 751 560 est
762 544 808 560 nobis
820 549 921 565 cognoscere,
934 544 993 560 revele-

618 570 651 589 vii;
666 569 709 590 quod
723 571 776 585 autem
792 573 824 585 nou
839 571 930 590 poteramus
945 569 992 588 ferre,

617 594 675 609 celavit
689 598 707 609 ac
722 593 770 609 siluit.
786 594 822 609 Haec
838 594 886 609 verba
899 594 992 609 Damnseeui

617 618 685 639 pulchre
696 620 734 634 sunt
746 620 762 634 ει
773 623 821 634 sensu
834 618 933 639 plenissima*
945 618 993 634 Porro

617 643 709 664 predictam
722 643 809 659 bonitatem
823 647 841 659 ec
855 643 993 660 communicabili-

617 670 666 683 tatem
681 668 764 684 declarans
778 668 836 683 Doctor
850 668 914 683 divinus
928 672 931 683 z
944 668 991 686 Deus,

616 693 643 711 ait,
652 694 676 708 est
687 692 766 713 quoddam
774 692 827 708 fluens
835 697 853 708 ac
861 692 932 708 refluens
943 697 992 712 mare,

617 717 659 738 quod
672 717 789 733 incessabiliter
804 717 820 732 in
834 722 890 733 omnes
904 721 942 733 snos
956 717 993 732 fluit

617 742 689 760 dilectos,
704 742 793 757 secundum
810 742 938 762 uniuscujusque
953 742 993 757 indi-

214 766 239 782 do.
255 766 316 782 Bonum
331 770 368 782 vero
382 766 475 787 superaddit
488 766 521 782 enti
538 766 589 787 perfe-
598 767 687 788 egentiam
702 771 721 782 ac
734 766 838 787 dignitatem3
853 769 869 782 et
883 769 908 783 est
922 766 993 782 refluens

214 791 284 807 ctionem
301 791 388 812 quamdam
404 791 428 811 (in
447 795 478 811 qua
495 791 535 807 ratio
551 791 589 807 honi

214 816 299 836 consistit),
315 816 390 834 videlieet
404 815 482 831 rationem
496 815 589 836 appetibilis

213 843 230 856 et
240 840 312 861 perfecti*
321 840 399 856 Perfectio
409 842 462 856 autern
473 845 501 861 per
511 840 589 861 operatio-

213 870 251 881 nem
262 865 351 886 nequiritur
363 869 366 880 z
379 865 439 880 idcirco
451 869 482 880 non
495 865 554 881 dicitur
564 870 589 881 res

214 892 267 906 erenta
274 894 303 911 per
313 894 330 905 se
340 889 387 908 bona,
396 890 423 905 sed
431 894 460 910 per
469 889 529 910 aliquid
539 890 588 905 aliud.

214 915 250 930 Ideo
267 915 321 935 itaque
335 914 379 930 solus
394 914 436 930 Deus
450 914 473 930 sio
489 914 588 933 naturaiiter,

214 939 340 960 independenter
354 941 402 960 etque
414 939 489 957 totaliter,
502 939 589 960 quomodo-

214 964 253 980 libet
265 969 284 980 ec
296 964 415 980 omniformiter
428 964 479 980 bonus
491 966 520 982 est,
533 966 551 980 ut
563 969 589 979 ne-

213 991 249 1005 turn
256 989 292 1009 ejus
299 989 320 1004 sit
328 989 391 1004 bonitas
399 993 403 1004 τ
412 989 450 1009 quie
459 989 503 1004 nulle
511 989 590 1009 positione

213 1013 286 1034 possibili
300 1013 340 1029 foeta
352 1013 426 1034 sequitur
436 1013 489 1034 ipsum
501 1018 532 1029 non
544 1018 589 1033 esse3

213 1040 229 1054 et
237 1038 317 1054 universis
325 1038 385 1054 naturis
393 1038 451 1053 creatis
458 1038 549 1057 destruetis,
555 1038 589 1059 ipse

617 794 665 812 etque
673 792 689 807 in
697 796 714 807 se
722 791 786 807 trahens
794 791 877 807 universos
887 795 928 812 quos
937 791 994 812 implet

617 821 635 832 ac
648 816 693 834 ditet,
706 821 743 832 eum
755 816 831 832 omnibus
845 821 881 837 qnae
893 816 953 832 hahent
966 818 993 831 aut

618 843 689 862 possunt.
700 841 732 856 Hoc
739 841 799 861 quippe
810 846 820 856 u
827 841 860 856 suis
868 841 938 861 postulat
945 841 992 859 Deus,

618 868 636 881 ut
643 870 680 881 cum
689 865 735 881 leude
743 867 759 881 et
770 865 856 885 gratiarum
867 865 961 886 repensione
969 870 993 881 re-

618 890 670 906 fluant
682 890 778 910 redeantque
790 890 805 905 in
817 890 870 910 ipsum
882 892 898 906 et
910 889 941 905 sibi
952 894 993 906 sem-

618 920 647 936 per
657 915 752 931 adhiereeni.

638 940 683 955 Nunc
698 944 741 959 ergo,
754 939 776 954 mi
791 939 840 954 frater·
854 939 918 958 dilectey
934 939 947 955 si
962 944 993 960 qun

618 965 634 980 in
646 964 692 980 nobis
703 966 727 979 est
739 963 766 979 lux
776 964 840 982 mentis,
852 964 865 979 si
879 968 911 984 qua
924 964 993 984 cognitio

618 989 695 1007 veritatis,
711 989 723 1004 si
738 988 809 1004 tenebrae
824 992 855 1004 uon
872 988 993 1004 obcecaverunt

618 1014 665 1029 cordo
673 1015 732 1031 nostru,
739 1013 841 1028 advertemus
849 1015 897 1033 atque
907 1017 993 1033 pensemus

618 1043 649 1059 quo
660 1038 731 1053 caritatis
742 1037 800 1056 calore,
811 1042 844 1058 quo
854 1039 912 1053 saneta
922 1037 993 1053 affectio-

213 1067 259 1083 aeque
271 1063 351 1083 perfectus
363 1065 416 1078 menet
426 1067 445 1078 ac
456 1062 512 1078 bonus.
520 1063 552 1078 Nee
563 1063 590 1079 bo-
598 1066 610 1081 1)
618 1063 643 1078 nis
650 1063 712 1081 ardore,
720 1066 752 1083 quo
759 1062 810 1078 divini
818 1062 877 1077 umoris
885 1062 954 1080 fervore,
962 1066 993 1083 qua

213 1088 255 1103 nites
266 1087 301 1108 ejus
312 1087 398 1103 terminum
409 1087 462 1106 hebet,
470 1092 501 1103 non
512 1087 545 1103 fine
553 1092 590 1103 con-

214 1112 290 1131 cluditur,
298 1116 330 1128 non
343 1112 465 1128 minorationem
476 1112 551 1131 admittit,
562 1112 589 1128 sed

214 1141 251 1153 vere
266 1136 314 1157 plena
329 1136 440 1157 immenseque
455 1136 509 1152 fertur.
523 1137 589 1155 Idcirco,

214 1161 353 1182 qualitercumque
366 1161 476 1177 consideretur
488 1163 515 1177 aut
527 1166 590 1182 compa-

213 1188 263 1204 retur,
273 1190 337 1206 semper
348 1185 465 1206 perfeetissima
473 1187 521 1206 etque
531 1185 590 1201 ditissi-

214 1215 240 1226 ma
254 1213 308 1226 manet
321 1215 324 1226 z
338 1212 403 1231 propter
415 1210 458 1231 quod
470 1210 591 1231 quomodolibet

213 1240 232 1251 ac
243 1235 362 1251 omniformiter
372 1235 414 1251 bona
424 1237 503 1251 censetur.

234 1260 278 1276 Unde
289 1260 331 1276 Plato
343 1259 359 1275 in
373 1260 425 1280 primo
436 1259 490 1275 Timaei
502 1259 552 1275 Deum
564 1264 590 1275 ua-

214 1285 287 1300 turaliter
302 1284 362 1300 bunum
377 1284 463 1304 designans
478 1288 482 1299 z
495 1284 589 1302 Dicendum,

214 1310 272 1330 inquit,
285 1314 314 1325 cur
326 1309 399 1325 eonditor
411 1309 505 1329 genitorque
519 1309 590 1325 universi

214 1334 308 1351 uuiversum
322 1334 401 1350 mundum
413 1333 530 1350 instituendum
546 1336 590 1355 putu-

618 1087 676 1103 mentis
694 1087 772 1102 munditie
790 1086 937 1107 contemplandum,
955 1086 994 1102 affe-

618 1112 699 1130 ctandum,
707 1112 793 1127 emendum
804 1116 823 1127 eo
832 1111 962 1132 amplectendum
973 1111 993 1127 sit

618 1137 648 1153 hoc
663 1136 722 1152 bouum
740 1138 823 1154 aetemum,
839 1136 898 1152 bonum
914 1136 992 1155 divinum,

618 1161 678 1177 bonum
691 1161 793 1177 immensum⁴
807 1161 898 1179 Enimvero,
912 1161 925 1176 si
936 1166 994 1176 unum-

618 1186 693 1207 quodque
703 1185 719 1201 in
729 1187 791 1201 tentum
802 1187 853 1201 exstat
860 1185 933 1205 ,amabile
944 1190 994 1206 quan-

618 1213 651 1226 tum
664 1211 730 1226 sortitur
740 1210 760 1226 de
773 1210 849 1228 bonitate,
861 1214 914 1226 nonne
925 1210 955 1226 hoc
966 1210 993 1226 bo-

618 1240 657 1251 nnm
673 1235 715 1256 quod
730 1235 842 1253 essentialiter,
859 1235 928 1251 totaliter
945 1237 993 1255 atque

618 1260 721 1276 iufinibiliter
735 1260 795 1275 bonurn
810 1261 826 1275 et
840 1259 931 1280 pulchrum,
945 1264 993 1275 suave

618 1289 636 1300 ac
644 1284 751 1305 splendidum,
759 1284 815 1300 vivum
825 1286 872 1305 atque
882 1284 947 1300 beatum
957 1289 993 1300 con·

618 1310 665 1328 sistit,
673 1309 821 1330 incomparabiliter
828 1311 844 1324 et
851 1309 960 1324 indesinenter
969 1311 994 1324 est

618 1334 710 1353 arnaudum,
723 1334 837 1355 requirendum
852 1338 870 1349 ao
885 1333 994 1355 contemplen-
