1083 1563
302 179 425 195 ARTICULUS
436 179 496 195 LVIII,

236 215 260 229 De
274 214 421 233 superemufierantn'
434 216 450 229 et
463 214 562 233 supersuavt'

273 237 359 251 dulcedine
370 236 447 251 bonitati-r
456 237 523 251 divinae.

241 286 285 302 xCUT
296 286 344 306 igitur
356 285 416 301 bonum
428 286 488 301 dieitur
500 286 516 302 in
528 286 584 302 ordine

247 311 266 326 ad
277 310 372 331 appetitum,
381 312 397 326 et
406 310 491 331 pulchrum
503 311 519 326 in
528 311 584 327 ordine

208 335 228 351 ad
239 335 302 355 visum3
313 335 336 351 sie
348 335 395 351 dulce
407 335 466 351 dicitur
477 337 556 356 quantum
565 336 584 351 ad

209 361 274 380 gustum
283 364 287 375 z
296 360 339 375 unde
347 360 389 380 quod
397 360 413 375 in
422 364 451 375 sua
458 362 515 375 natura
522 360 553 375 tale
560 362 585 375 est

209 386 226 400 ut
240 386 305 405 gustum
317 384 396 400 oblectare
409 386 461 405 queat,
474 384 521 400 dulce
533 384 585 405 perhi-

209 409 260 425 betur.
277 409 335 425 Gustus
347 413 385 425 vero
397 409 478 429 objectum
494 411 518 425 cst
531 414 584 430 sapor,

209 433 345 454 quemadmodum
361 433 411 452 visus,
426 433 480 449 lumen
495 434 520 450 vel
535 434 583 450 color.

210 458 240 474 Sed
251 459 307 478 gustus
315 460 331 473 et
338 462 385 478 sapor
395 460 419 473 est
430 458 493 479 duplex.
502 458 529 474 Est
540 463 584 474 111111-

210 487 242 503 que
252 484 308 502 gustus
319 482 388 498 exterior
398 487 402 498 :
412 482 459 503 cujus
469 482 550 503 objectum
561 485 585 499 est

182 526 184 528 q
210 511 258 528 sapor
272 506 359 526 sensibilis,
374 507 401 528 qui
416 509 441 523 est
454 507 522 528 qualitas
537 509 584 524 mate-

211 532 259 547 rialis.
271 532 314 547 Unde
324 534 340 547 et
351 532 397 548 cibus
407 532 435 552 qui
446 536 522 553 corporeo
531 533 584 553 gustui

211 556 252 572 bene
259 556 340 575 convenit,
348 556 400 572 dulcis
407 558 477 572 vocatur.
486 557 514 572 Est
521 561 585 577 quoque

210 583 266 601 gustus
274 581 346 600 interior,
352 581 368 597 iu
376 581 459 597 intellectu
467 586 495 597 seu
503 582 585 597 voluntate

210 605 305 624 consistens.
320 605 353 621 imo
370 606 412 621 idem
427 610 464 621 cum
479 606 503 622 eis
518 610 522 622 τ
538 606 584 627 eujus

209 630 291 650 abjectum
302 632 327 646 est
337 635 384 651 sapor
395 630 477 650 internus3
485 635 494 646 a
501 635 533 651 quo
543 631 584 652 sapi-

210 655 253 670 entia
265 659 323 670 nomen
336 655 406 673 sortitur,
418 655 494 676 quoniam
506 655 585 676 snpientia

209 684 219 695 a
229 684 286 700 sapore
296 679 390 700 imponitur,
403 681 419 695 et
429 680 474 700 quasi
487 680 542 700 sapida
554 680 585 696 sci-

210 704 254 720 entia
264 704 383 724 interpret-atur,

231 728 279 744 Porro
286 729 336 744 menti
346 728 362 744 id
372 729 435 744 dulcius
446 729 487 750 sapit
498 729 541 749 quod
551 734 584 745 am-

211 753 254 774 plius
266 753 323 773 diligit.
337 753 387 774 Sapor
398 753 447 774 igitur
461 753 489 774 qui
504 753 584 770 interioris

211 778 293 798 objectum
301 780 325 794 est
331 780 393 798 gustus,
401 780 425 794 est
432 778 490 794 veritas
498 778 561 799 cognita
568 778 584 795 in

211 805 290 823 quantum
297 805 354 821 amata,
363 803 387 818 vel
400 803 461 819 bonitas
468 805 521 819 amata
528 808 585 819 seeun-

211 828 249 843 dum
257 828 300 848 quod
307 827 370 848 cognita
379 832 382 843 τ
391 828 428 848 quia
435 832 465 843 nec
475 828 533 843 veritas
543 828 585 849 sapit

210 852 242 868 nisi
255 854 322 871 ametur,
336 857 365 868 neo
380 852 442 868 bonitas
456 852 498 873 sapit
511 853 542 868 nisi
557 857 584 868 no-

210 879 268 893 scatur.
281 877 342 895 Quanto
354 877 408 897 itaque
422 877 480 893 veritas
494 879 545 893 exstat
560 882 585 893 su-

210 901 276 917 blimior
287 903 303 917 et
314 901 440 920 convenientior,
452 901 547 922 bonitasque
559 906 584 917 co-

210 926 270 947 piosior
277 928 324 947 atque
332 926 406 945 nobilior,
414 928 458 942 tanto
465 931 484 942 ex
492 931 521 942 sua
528 928 585 942 natura

210 951 273 966 dulcior
284 951 426 971 delectabiliaque
437 951 515 969 consistit,
527 951 558 967 imo
569 953 585 967 et

211 975 260 991 menti
268 975 331 991 dulcius
339 975 386 996 sapit,
396 975 539 996 delectabiliusque
549 980 584 992 eam

211 1000 285 1018 oblectat,
294 1000 324 1015 nisi
333 1000 382 1016 inerit
392 1005 411 1016 ex
421 1002 466 1021 parte
475 1000 533 1016 mentis
543 1000 585 1016 dele-

211 1027 252 1043 ctus,
261 1024 336 1040 videlicet
343 1025 380 1045 quia
389 1024 493 1040 sensibilibus
501 1025 549 1041 rebus
557 1025 585 1041 im-

398 121 418 133 DB
429 121 491 133 aarum
501 121 561 133 AE'rmm
571 121 590 133 n
601 121 636 133 VEM
646 121 677 133 bui.
688 126 708 129 -
718 122 754 133 Ain·-
765 122 802 133 Lvnl

592 164 764 185 Acontemplationem
780 166 797 180 et
813 164 880 180 internas
897 164 988 180 dulcedinis

612 191 676 209 gustum
685 189 779 209 impediunt⁴
785 189 853 205 Necesse
861 189 905 205 enim
912 191 937 205 est
944 194 988 205 111811-

612 215 644 229 tem
662 213 809 234 contemplativam,
830 218 865 229 esse
882 214 954 234 quietam
971 216 988 229 et

612 238 685 257 liberam,
698 242 788 254 amorosam
802 243 821 254 ac
836 238 913 254 mundam
928 242 931 254 :
948 238 987 254 reei-

612 263 658 284 pieus
672 263 733 284 quippe
749 265 813 284 oportet
830 263 947 284 proportio-mi
962 268 986 279 re-

612 290 663 308 cepto.

632 312 693 331 Quanto
708 312 757 333 igitur
769 312 828 328 veritas
840 312 901 331 divina,
913 317 950 333 quie
963 315 988 328 est

612 337 670 353 verit-as
690 337 792 358 exemplaris,
810 337 876 353 fontalis
893 342 911 353 no
929 337 987 358 prima,

612 363 671 382 quanto
679 361 717 377 itern
728 361 791 377 bonitas
801 361 835 380 Dei,
844 366 879 382 quie
890 363 914 377 est
925 361 988 377 bonitas

612 391 680 404 summa,
690 388 754 405 aeterna,
765 386 836 407 perfecta
847 391 865 402 ac
876 386 945 405 1111111111,
954 391 987 402 11111-

612 415 648 426 nem
657 411 739 426 veritatem
747 415 765 426 ac
773 410 861 426 bonitatem
869 412 938 426 creatam
944 411 988 431 (quie

612 435 668 456 utiquo
679 437 704 451 est
715 435 769 455 finita)
781 435 885 454 transcendit,
899 437 942 451 1111110
955 440 988 456 prm

593 460 605 476 B
612 460 688 476 omnibus
695 460 772 475 creaturis
781 460 823 475 Deus
830 464 878 475 verus
888 461 904 476 et
913 460 961 475 vivus
971 459 987 475 in

612 489 629 500 se
638 484 672 505 ipso
679 484 731 500 dulcis
739 484 871 505 delectabilisque
880 484 964 503 eonsistiss
972 485 987 500 et

613 509 662 525 menti
680 511 736 525 creatae
753 511 796 525 tanto
810 509 831 525 i'it
845 508 912 528 dulcior,
927 511 987 529 quanto

612 534 649 555 plus
663 538 680 549 se
694 534 747 549 studet
761 534 779 549 ad
795 534 831 554 ejus
845 533 954 554 receptionem
968 538 987 549 1ο

612 560 676 579 gustum
694 558 784 579 disponere.
802 558 909 574 Dissimilium
926 558 986 574 etenim

613 583 656 601 unio,
670 583 785 598 inconveniens
797 585 813 598 et
828 582 922 598 innaturalis
934 587 987 598 cense-

612 609 638 623 tur
649 611 652 623 :
662 607 705 623 velut
716 607 730 623 si
741 607 777 628 quis
788 612 846 623 aurum
856 607 890 623 luto
901 607 987 627 conjungat

612 636 630 647 ac
638 632 709 647 miscent*
715 632 783 648 Necesse
790 634 815 647 est
822 636 859 652 ergo
867 634 937 647 mentem
945 636 987 647 crea-

612 658 651 675 tam,
661 656 732 672 divinam
743 656 846 672 dulcedinem
856 658 920 677 gustare
931 658 986 677 opttu-

612 683 650 699 tem,
659 681 691 697 Deo
698 681 790 700 assimilari,
799 681 814 696 id
822 682 847 697 est
856 681 928 697 deificari
937 685 941 696 2
950 685 987 701 11111-

611 708 658 721 tenus
666 706 708 721 sicut
715 705 742 721 ille
750 705 818 726 simplex
825 707 841 721 et
848 705 986 723 stabiliesmnius,

612 735 662 751 purus
671 734 689 745 ac
699 730 751 750 justus
761 732 791 749 est,
800 730 822 746 ita
831 732 847 746 ei
857 730 891 750 ipsa
900 731 960 750 satagat
970 734 986 745 se

593 754 604 770 C
611 760 621 771 a
629 755 683 771 multis
691 754 783 770 abstrahere
789 757 837 775 atque
845 755 864 770 ad
872 759 922 770 unum
930 759 986 770 verum

612 779 673 795 bonum
685 779 766 799 colligere,
779 779 873 800 studeatque
885 781 959 795 constans
971 781 987 794 ez

612 806 667 820 sancta
674 809 692 820 ac
699 804 742 824 justa
752 804 834 822 exsistere,
842 806 858 819 et
869 803 949 819 interioris
960 808 986 819 ex-

612 828 710 844 ercitationis
717 833 772 844 amore
782 833 801 844 ac
810 828 869 844 divium
880 828 955 844 bonilatis
965 828 987 844 al>

613 853 661 871 iectu,
675 855 732 869 cuncta
746 853 835 872 sensibilia,
848 854 896 873 prout
910 852 986 873 possibile

612 880 642 896 est,
653 877 766 893 transcendere
776 879 824 898 atque
836 877 932 898 relinquere.
943 877 987 893 'runc

613 903 674 923 utique,
682 902 695 918 si
707 902 723 918 in
734 902 768 918 istis
779 902 842 918 stabilis
854 902 936 921 manserit,
944 904 987 917 tanta

612 928 640 943 Dei
648 927 733 943 dulcedine
743 927 867 947 contemplando
877 931 895 942 ac
906 926 987 947 diligendo

613 952 712 972 implebitur,
720 951 763 972 quod
773 956 810 967 vere
821 951 913 972 experietur
923 953 939 967 et
947 951 988 967 sciet

612 978 689 997 quantum
707 976 775 992 dulcedo
792 975 912 994 intellectualis,
927 975 986 993 divina,

613 1001 681 1019 interna,
696 1000 818 1016 delectationem
832 1000 928 1018 sensualem,
944 1000 987 1020 igno-

613 1025 667 1044 bilem,
685 1025 784 1046 corporalem
802 1025 875 1045 oxeedit3
890 1027 906 1040 et
922 1025 987 1041 demum

212 1050 295 1070 mergitur,
306 1051 334 1065 aut
346 1049 404 1065 vilibus
417 1050 549 1066 delectationibus
560 1050 585 1070 ju·
593 1052 605 1067 D
613 1050 688 1066 clamabit
700 1055 737 1066 cum
748 1050 805 1066 Sancto
816 1054 820 1065 z
831 1050 895 1066 Gustate
907 1051 922 1065 et
935 1049 988 1065 videte
999 1054 1010 1064 ι·
1009 1057 1065 1065 11111111

181 1076 185 1080 ’
211 1075 296 1091 cundatur.
304 1075 330 1090 Ait
338 1079 407 1095 namque
417 1074 506 1090 Avicebron
517 1075 533 1090 in
544 1075 586 1091 libro
613 1075 688 1096 quoniam
699 1074 753 1090 suavis
764 1076 788 1090 est
799 1074 881 1090 Dominus.
994 1070 1005 1080 ⁹*

211 1099 265 1115 Fontis
279 1099 321 1118 vilae,
336 1099 379 1120 quod
395 1099 467 1115 carnales
480 1102 497 1115 et
511 1099 586 1115 bestiales
632 1100 680 1116 Porro
687 1099 740 1116 lumen
748 1104 797 1115 suave
804 1101 829 1115 est
836 1099 932 1118 oculileuis
939 1099 988 1119 igitur
1001 1105 1042 1116 3522,
1050 1109 1065 1118 n,

210 1124 330 1142 delectationeS,
342 1128 352 1139 a
366 1123 505 1144 contemplationis
520 1124 586 1140 sinceri>

210 1151 242 1165 tate
256 1151 304 1169 atque
319 1148 403 1164 dulcedine
416 1148 584 1169 1111111118111111111111111Δ

210 1174 229 1190 Et
237 1174 253 1190 in
262 1174 303 1189 libro
311 1173 330 1189 de
338 1173 393 1189 Causis
403 1173 476 1192 babetur,
484 1173 527 1194 quod
537 1178 586 1189 unus-

210 1199 279 1220 quisqne
290 1200 338 1219 prout
348 1198 408 1218 dignus
420 1200 436 1214 et
448 1202 497 1219 capax
510 1200 534 1214 est
547 1198 586 1213 reei-

210 1228 248 1244 pere
255 1228 275 1239 ex
283 1223 373 1239 influxibus
381 1222 457 1238 bonitatis
465 1222 520 1243 prima!
528 1227 585 1241 causae,

209 1248 297 1264 seeundum
304 1247 334 1263 hoc
342 1247 400 1268 recipit
406 1247 450 1267 inde3
456 1247 472 1263 in
479 1249 587 1268 quantumque

211 1272 268 1293 recipit
279 1277 298 1288 ex
311 1272 364 1293 primo
375 1271 461 1292 principio,
472 1273 534 1287 tantum
546 1271 588 1287 dele-

211 1299 263 1314 ctatur
271 1297 287 1313 iu
297 1301 321 1313 eo>
330 1296 360 1313 Sed
370 1298 386 1312 et
396 1296 449 1312 omnis
460 1296 513 1317 passio
523 1296 586 1314 animae,

213 1322 301 1343 praesertirn
311 1321 372 1340 acedia,
383 1321 436 1340 timor,
447 1320 516 1339 tristitia,
525 1324 586 1339 rancor,

613 1124 683 1145 explicet
697 1129 745 1145 11111111
758 1124 809 1140 dulois
825 1126 849 1139 est
863 1124 911 1142 Deus,
923 1124 951 1144 qui
964 1126 988 1139 est
995 1122 1005 1131 ⁷·

613 1148 706 1164 naturaliter
719 1148 746 1164 lux
758 1148 828 1167 infinita,
840 1153 850 1164 a
862 1152 893 1169 quo
905 1152 953 1164 omne
966 1148 988 1164 lu-

614 1178 650 1189 men
665 1174 741 1191 creatum,
754 1172 862 1189 iutellectuele
876 1174 892 1188 et
906 1172 988 1188 materiale

613 1198 630 1213 in
641 1197 723 1213 infinitum
735 1197 827 1213 occumbite
837 1197 886 1216 Quam
897 1197 949 1213 dulcis
959 1197 989 1213 nti-

613 1227 645 1243 que
657 1224 681 1238 est
693 1222 757 1238 Creator
771 1223 824 1237 noster
838 1222 945 1242 omnipotens,
960 1222 988 1242 qui

614 1247 662 1262 rebus
670 1246 723 1267 parvis
731 1248 747 1262 et
755 1246 817 1262 intimis
825 1248 885 1262 tantam
893 1246 987 1262 suavitatem

614 1271 702 1292 impressit,
710 1271 738 1291 qui
747 1271 790 1287 melli
798 1275 844 1286 suam
855 1270 957 1286 dulcedinem
965 1271 988 1287 in-

614 1296 660 1314 didit,
668 1296 696 1317 11111
704 1295 742 1311 vino
749 1300 822 1316 saporem
831 1300 878 1311 suurn
888 1295 953 1314 infudit,
961 1295 988 1316 qui

615 1320 651 1337 oleo
661 1320 756 1336 suavitatem
768 1320 846 1338 exhibuit,
854 1320 882 1341 qui
891 1320 989 1336 aromatibus
