<?xml version="1.0" encoding="UTF-8"?>
<!DOCTYPE html PUBLIC "-//W3C//DTD XHTML 1.0 Transitional//EN"
    "http://www.w3.org/TR/xhtml1/DTD/xhtml1-transitional.dtd">
<html xmlns="http://www.w3.org/1999/xhtml" xml:lang="en" lang="en">
 <head>
  <title>
</title>
<meta http-equiv="Content-Type" content="text/html;charset=utf-8" />
  <meta name='ocr-system' content='tesseract 3.04.00' />
  <meta name='ocr-capabilities' content='ocr_page ocr_carea ocr_par ocr_line ocrx_word'/>
</head>
<body>
  <div class='ocr_page' id='page_1' title='image "./doctorisecstati10unkngoog/doctorisecstati10unkngoog_0097.png"; bbox 0 0 1083 1563; ppageno 0'>
   <div class='ocr_carea' id='block_1_1' title="bbox 199 120 783 137">
    <p class='ocr_par' dir='ltr' id='par_1_1' title="bbox 199 120 783 137">
     <span class='ocr_line' id='line_1_1' title="bbox 199 120 783 137; baseline 0 -1"><span class='ocrx_word' id='word_1_1' title='bbox 199 120 220 136; x_wconf 71' lang='lat'>88</span> <span class='ocrx_word' id='word_1_2' title='bbox 398 125 418 137; x_wconf 74' lang='lat' dir='ltr'>aa</span> <span class='ocrx_word' id='word_1_3' title='bbox 428 124 490 136; x_wconf 69' lang='lat' dir='ltr'>sarcita</span> <span class='ocrx_word' id='word_1_4' title='bbox 501 124 560 136; x_wconf 71' lang='lat' dir='ltr'>annam</span> <span class='ocrx_word' id='word_1_5' title='bbox 571 124 589 136; x_wconf 70' lang='grc' dir='ltr'>ετ</span> <span class='ocrx_word' id='word_1_6' title='bbox 600 124 635 136; x_wconf 71' lang='lat' dir='ltr'>vna·</span> <span class='ocrx_word' id='word_1_7' title='bbox 646 124 676 136; x_wconf 73' lang='lat' dir='ltr'>nei.</span> <span class='ocrx_word' id='word_1_8' title='bbox 688 129 708 132; x_wconf 98' lang='lat'><strong>—</strong></span> <span class='ocrx_word' id='word_1_9' title='bbox 718 125 753 136; x_wconf 71' lang='lat' dir='ltr'>aar.</span> <span class='ocrx_word' id='word_1_10' title='bbox 765 125 783 136; x_wconf 79' lang='grc' dir='ltr'>ιν</span> 
     </span>
    </p>
   </div>
   <div class='ocr_carea' id='block_1_2' title="bbox 200 167 981 189">
    <p class='ocr_par' dir='ltr' id='par_1_2' title="bbox 200 167 981 189">
     <span class='ocr_line' id='line_1_2' title="bbox 200 167 981 189; baseline -0.001 -5"><span class='ocrx_word' id='word_1_11' title='bbox 200 170 290 189; x_wconf 80' lang='lat' dir='ltr'>exsuperat.</span> <span class='ocrx_word' id='word_1_12' title='bbox 299 168 311 184; x_wconf 83' lang='grc'>0</span> <span class='ocrx_word' id='word_1_13' title='bbox 319 168 346 184; x_wconf 85' lang='lat' dir='ltr'>lux</span> <span class='ocrx_word' id='word_1_14' title='bbox 353 168 473 186; x_wconf 80' lang='lat' dir='ltr'>amabilissima,</span> <span class='ocrx_word' id='word_1_15' title='bbox 479 167 575 183; x_wconf 84' lang='lat' dir='ltr'>desiderabi-</span> <span class='ocrx_word' id='word_1_16' title='bbox 584 167 597 183; x_wconf 84' lang='grc' dir='ltr'><strong>Δ</strong></span> <span class='ocrx_word' id='word_1_17' title='bbox 603 168 705 183; x_wconf 85' lang='lat' dir='ltr'>concordans.</span> <span class='ocrx_word' id='word_1_18' title='bbox 721 168 859 186; x_wconf 78' lang='lat' dir='ltr'>Quemadmodum</span> <span class='ocrx_word' id='word_1_19' title='bbox 876 168 921 183; x_wconf 89' lang='lat' dir='ltr'>enim</span> <span class='ocrx_word' id='word_1_20' title='bbox 936 167 981 188; x_wconf 85' lang='lat' dir='ltr'>igno·</span> 
     </span>
    </p>
   </div>
   <div class='ocr_carea' id='block_1_3' title="bbox 200 192 576 458">
    <p class='ocr_par' dir='ltr' id='par_1_3' title="bbox 200 192 576 385">
     <span class='ocr_line' id='line_1_3' title="bbox 201 192 575 213; baseline -0.003 -5"><span class='ocrx_word' id='word_1_21' title='bbox 201 192 267 211; x_wconf 75' lang='lat' dir='ltr'>lissima,</span> <span class='ocrx_word' id='word_1_22' title='bbox 278 193 404 211; x_wconf 75' lang='lat' dir='ltr'>deliciosissima,</span> <span class='ocrx_word' id='word_1_23' title='bbox 414 194 474 213; x_wconf 71' lang='lat' dir='ltr'>quanta</span> <span class='ocrx_word' id='word_1_24' title='bbox 485 192 575 208; x_wconf 72' lang='lat' dir='ltr'>sinceritate</span> 
     </span>
     <span class='ocr_line' id='line_1_4' title="bbox 201 217 576 238; baseline -0.003 -5"><span class='ocrx_word' id='word_1_25' title='bbox 201 217 218 233; x_wconf 86' lang='lat' dir='ltr'>in</span> <span class='ocrx_word' id='word_1_26' title='bbox 229 219 244 233; x_wconf 80' lang='lat' dir='ltr'>te</span> <span class='ocrx_word' id='word_1_27' title='bbox 256 217 290 238; x_wconf 72' lang='lat' dir='ltr'>ips·</span> <span class='ocrx_word' id='word_1_28' title='bbox 301 217 376 238; x_wconf 74' lang='lat' dir='ltr'>refulges,</span> <span class='ocrx_word' id='word_1_29' title='bbox 387 219 446 238; x_wconf 79' lang='lat' dir='ltr'>quanta</span> <span class='ocrx_word' id='word_1_30' title='bbox 458 217 530 233; x_wconf 74' lang='lat' dir='ltr'>clarinto</span> <span class='ocrx_word' id='word_1_31' title='bbox 543 221 576 232; x_wconf 91' lang='lat' dir='ltr'>om·</span> 
     </span>
     <span class='ocr_line' id='line_1_5' title="bbox 201 241 575 262; baseline -0.005 -4"><span class='ocrx_word' id='word_1_32' title='bbox 201 242 228 258; x_wconf 82' lang='lat' dir='ltr'>nia</span> <span class='ocrx_word' id='word_1_33' title='bbox 237 242 333 258; x_wconf 67' lang='lat' dir='ltr'>eternaliter</span> <span class='ocrx_word' id='word_1_34' title='bbox 339 244 355 257; x_wconf 88' lang='lat' dir='ltr'>et</span> <span class='ocrx_word' id='word_1_35' title='bbox 364 242 480 258; x_wconf 64' lang='lat' dir='ltr'>invariabiliter</span> <span class='ocrx_word' id='word_1_36' title='bbox 489 241 575 262; x_wconf 77' lang='lat' dir='ltr'>conspicis,</span> 
     </span>
     <span class='ocr_line' id='line_1_6' title="bbox 201 266 576 287; baseline -0.003 -5"><span class='ocrx_word' id='word_1_37' title='bbox 201 272 250 287; x_wconf 74' lang='lat' dir='ltr'>quam</span> <span class='ocrx_word' id='word_1_38' title='bbox 261 271 298 283; x_wconf 89' lang='lat' dir='ltr'>vere</span> <span class='ocrx_word' id='word_1_39' title='bbox 307 271 326 282; x_wconf 89' lang='lat' dir='ltr'>ac</span> <span class='ocrx_word' id='word_1_40' title='bbox 338 267 417 282; x_wconf 76' lang='lat' dir='ltr'>intensive</span> <span class='ocrx_word' id='word_1_41' title='bbox 431 266 495 282; x_wconf 81' lang='lat' dir='ltr'>infinita</span> <span class='ocrx_word' id='word_1_42' title='bbox 506 266 576 282; x_wconf 80' lang='lat' dir='ltr'>delecta-</span> 
     </span>
     <span class='ocr_line' id='line_1_7' title="bbox 200 291 576 312; baseline -0.003 -5"><span class='ocrx_word' id='word_1_43' title='bbox 200 291 244 307; x_wconf 83' lang='lat' dir='ltr'>tione</span> <span class='ocrx_word' id='word_1_44' title='bbox 264 291 356 312; x_wconf 80' lang='lat' dir='ltr'>perfrueris,</span> <span class='ocrx_word' id='word_1_45' title='bbox 374 296 422 312; x_wconf 75' lang='lat' dir='ltr'>quom</span> <span class='ocrx_word' id='word_1_46' title='bbox 441 291 576 311; x_wconf 72' lang='lat' dir='ltr'>jucundissimum</span> 
     </span>
     <span class='ocr_line' id='line_1_8' title="bbox 201 315 576 337; baseline -0.005 -5"><span class='ocrx_word' id='word_1_47' title='bbox 201 316 250 332; x_wconf 76' lang='lat' dir='ltr'>vitam</span> <span class='ocrx_word' id='word_1_48' title='bbox 262 316 314 334; x_wconf 77' lang='lat' dir='ltr'>ducis,</span> <span class='ocrx_word' id='word_1_49' title='bbox 328 321 376 337; x_wconf 73' lang='lat' dir='ltr'>quam</span> <span class='ocrx_word' id='word_1_50' title='bbox 390 316 443 331; x_wconf 76' lang='lat' dir='ltr'>stabili</span> <span class='ocrx_word' id='word_1_51' title='bbox 455 315 546 333; x_wconf 70' lang='lat' dir='ltr'>securitate,</span> <span class='ocrx_word' id='word_1_52' title='bbox 559 315 576 330; x_wconf 91' lang='lat' dir='ltr'>li-</span> 
     </span>
     <span class='ocr_line' id='line_1_9' title="bbox 201 340 576 361; baseline -0.003 -5"><span class='ocrx_word' id='word_1_53' title='bbox 201 340 262 356; x_wconf 85' lang='lat' dir='ltr'>bertate</span> <span class='ocrx_word' id='word_1_54' title='bbox 277 345 296 356; x_wconf 86' lang='lat' dir='ltr'>ac</span> <span class='ocrx_word' id='word_1_55' title='bbox 306 340 390 356; x_wconf 78' lang='lat' dir='ltr'>nobilitate</span> <span class='ocrx_word' id='word_1_56' title='bbox 400 340 467 358; x_wconf 83' lang='lat' dir='ltr'>ornaris,</span> <span class='ocrx_word' id='word_1_57' title='bbox 479 345 527 361; x_wconf 77' lang='lat' dir='ltr'>quam</span> <span class='ocrx_word' id='word_1_58' title='bbox 540 344 576 355; x_wconf 82' lang='lat' dir='ltr'>con-</span> 
     </span>
     <span class='ocr_line' id='line_1_10' title="bbox 201 364 485 385; baseline 0 -5"><span class='ocrx_word' id='word_1_59' title='bbox 201 367 281 380; x_wconf 78' lang='lat' dir='ltr'>summat-a</span> <span class='ocrx_word' id='word_1_60' title='bbox 292 365 390 385; x_wconf 81' lang='lat' dir='ltr'>perfectione</span> <span class='ocrx_word' id='word_1_61' title='bbox 400 364 485 380; x_wconf 83' lang='lat' dir='ltr'>subsistisI</span> 
     </span>
    </p>

    <p class='ocr_par' dir='ltr' id='par_1_4' title="bbox 200 388 576 458">
     <span class='ocr_line' id='line_1_11' title="bbox 221 388 576 410; baseline -0.003 -5"><span class='ocrx_word' id='word_1_62' title='bbox 221 390 268 405; x_wconf 80' lang='lat' dir='ltr'>Porro</span> <span class='ocrx_word' id='word_1_63' title='bbox 280 389 365 410; x_wconf 83' lang='lat' dir='ltr'>Dionysius</span> <span class='ocrx_word' id='word_1_64' title='bbox 375 391 432 410; x_wconf 76' lang='lat' dir='ltr'>quarto</span> <span class='ocrx_word' id='word_1_65' title='bbox 443 388 514 409; x_wconf 76' lang='lat' dir='ltr'>capitulo</span> <span class='ocrx_word' id='word_1_66' title='bbox 523 388 543 404; x_wconf 89' lang='lat' dir='ltr'>de</span> <span class='ocrx_word' id='word_1_67' title='bbox 551 388 576 404; x_wconf 86' lang='lat' dir='ltr'>Di-</span> 
     </span>
     <span class='ocr_line' id='line_1_12' title="bbox 200 413 576 432; baseline -0.003 -3"><span class='ocrx_word' id='word_1_68' title='bbox 200 414 244 430; x_wconf 79' lang='lat' dir='ltr'>vinia</span> <span class='ocrx_word' id='word_1_69' title='bbox 260 414 359 432; x_wconf 86' lang='lat' dir='ltr'>nominibus,</span> <span class='ocrx_word' id='word_1_70' title='bbox 376 416 470 430; x_wconf 74' lang='lat' dir='ltr'>ostensurus</span> <span class='ocrx_word' id='word_1_71' title='bbox 488 418 518 429; x_wconf 85' lang='lat' dir='ltr'>cnr</span> <span class='ocrx_word' id='word_1_72' title='bbox 534 413 576 429; x_wconf 85' lang='lat' dir='ltr'>Deus</span> 
     </span>
     <span class='ocr_line' id='line_1_13' title="bbox 201 438 575 458; baseline -0.003 -4"><span class='ocrx_word' id='word_1_73' title='bbox 201 438 274 454; x_wconf 76' lang='lat' dir='ltr'>excelsus</span> <span class='ocrx_word' id='word_1_74' title='bbox 286 441 302 454; x_wconf 89' lang='lat' dir='ltr'>et</span> <span class='ocrx_word' id='word_1_75' title='bbox 314 440 378 454; x_wconf 86' lang='lat' dir='ltr'>sanctus</span> <span class='ocrx_word' id='word_1_76' title='bbox 390 438 444 454; x_wconf 80' lang='lat' dir='ltr'>lumen</span> <span class='ocrx_word' id='word_1_77' title='bbox 456 440 559 458; x_wconf 76' lang='lat' dir='ltr'>nuncupetur</span> <span class='ocrx_word' id='word_1_78' title='bbox 572 442 575 453; x_wconf 73' lang='grc' dir='ltr'><em>τ</em></span> 
     </span>
    </p>
   </div>
   <div class='ocr_carea' id='block_1_4' title="bbox 603 192 982 459">
    <p class='ocr_par' dir='ltr' id='par_1_5' title="bbox 603 192 982 459">
     <span class='ocr_line' id='line_1_14' title="bbox 603 192 981 213; baseline 0 -5"><span class='ocrx_word' id='word_1_79' title='bbox 603 192 654 208; x_wconf 86' lang='lat' dir='ltr'>rantia</span> <span class='ocrx_word' id='word_1_80' title='bbox 661 194 685 208; x_wconf 62' lang='grc' dir='ltr'>εει</span> <span class='ocrx_word' id='word_1_81' title='bbox 692 192 760 208; x_wconf 86' lang='lat' dir='ltr'>divisiva</span> <span class='ocrx_word' id='word_1_82' title='bbox 767 192 788 208; x_wconf 79' lang='lat' dir='ltr'>ab</span> <span class='ocrx_word' id='word_1_83' title='bbox 796 192 865 208; x_wconf 89' lang='lat' dir='ltr'>invicem</span> <span class='ocrx_word' id='word_1_84' title='bbox 875 193 981 213; x_wconf 84' lang='lat' dir='ltr'>deceptorum</span> 
     </span>
     <span class='ocr_line' id='line_1_15' title="bbox 603 217 981 235; baseline 0.003 -3"><span class='ocrx_word' id='word_1_85' title='bbox 603 219 619 232; x_wconf 92' lang='lat' dir='ltr'>et</span> <span class='ocrx_word' id='word_1_86' title='bbox 627 217 643 232; x_wconf 91' lang='lat' dir='ltr'>in</span> <span class='ocrx_word' id='word_1_87' title='bbox 651 221 721 233; x_wconf 87' lang='lat' dir='ltr'>crrorem</span> <span class='ocrx_word' id='word_1_88' title='bbox 729 217 869 235; x_wconf 84' lang='lat' dir='ltr'>labentium,sicut</span> <span class='ocrx_word' id='word_1_89' title='bbox 877 217 892 232; x_wconf 93' lang='lat' dir='ltr'>in</span> <span class='ocrx_word' id='word_1_90' title='bbox 900 217 981 233; x_wconf 77' lang='lat' dir='ltr'>baeresum</span> 
     </span>
     <span class='ocr_line' id='line_1_16' title="bbox 604 241 982 263; baseline 0 -6"><span class='ocrx_word' id='word_1_91' title='bbox 604 241 707 257; x_wconf 78' lang='lat' dir='ltr'>multitudine</span> <span class='ocrx_word' id='word_1_92' title='bbox 718 243 761 262; x_wconf 85' lang='lat' dir='ltr'>patet</span> <span class='ocrx_word' id='word_1_93' title='bbox 771 246 775 257; x_wconf 80' lang='lat' dir='ltr'><em>z</em></span> <span class='ocrx_word' id='word_1_94' title='bbox 785 242 806 257; x_wconf 81' lang='lat' dir='ltr'>ita</span> <span class='ocrx_word' id='word_1_95' title='bbox 818 242 903 263; x_wconf 65' lang='lat' dir='ltr'>praesentia</span> <span class='ocrx_word' id='word_1_96' title='bbox 914 241 982 257; x_wconf 88' lang='lat' dir='ltr'>luminis</span> 
     </span>
     <span class='ocr_line' id='line_1_17' title="bbox 604 266 982 287; baseline 0.003 -6"><span class='ocrx_word' id='word_1_97' title='bbox 604 266 710 286; x_wconf 74' lang='lat' dir='ltr'>intelligibilis</span> <span class='ocrx_word' id='word_1_98' title='bbox 718 266 787 287; x_wconf 80' lang='lat' dir='ltr'>desuper</span> <span class='ocrx_word' id='word_1_99' title='bbox 794 267 832 285; x_wconf 81' lang='lat' dir='ltr'>fusi,</span> <span class='ocrx_word' id='word_1_100' title='bbox 841 269 865 282; x_wconf 87' lang='lat' dir='ltr'>est</span> <span class='ocrx_word' id='word_1_101' title='bbox 875 266 982 282; x_wconf 82' lang='lat' dir='ltr'>coadunativa</span> 
     </span>
     <span class='ocr_line' id='line_1_18' title="bbox 604 291 981 312; baseline 0.003 -6"><span class='ocrx_word' id='word_1_102' title='bbox 604 293 620 306; x_wconf 81' lang='lat' dir='ltr'>ct.</span> <span class='ocrx_word' id='word_1_103' title='bbox 627 291 734 307; x_wconf 69' lang='lat' dir='ltr'>illuminetiva</span> <span class='ocrx_word' id='word_1_104' title='bbox 741 296 796 307; x_wconf 85' lang='lat' dir='ltr'>eorum</span> <span class='ocrx_word' id='word_1_105' title='bbox 805 291 833 312; x_wconf 85' lang='lat' dir='ltr'>qui</span> <span class='ocrx_word' id='word_1_106' title='bbox 842 291 881 307; x_wconf 84' lang='lat' dir='ltr'>illud</span> <span class='ocrx_word' id='word_1_107' title='bbox 890 291 981 311; x_wconf 74' lang='lat' dir='ltr'>recipiunt;</span> 
     </span>
     <span class='ocr_line' id='line_1_19' title="bbox 604 315 982 336; baseline 0 -5"><span class='ocrx_word' id='word_1_108' title='bbox 604 317 628 331; x_wconf 91' lang='lat' dir='ltr'>est</span> <span class='ocrx_word' id='word_1_109' title='bbox 635 320 699 336; x_wconf 74' lang='lat' dir='ltr'>quoque</span> <span class='ocrx_word' id='word_1_110' title='bbox 707 315 794 336; x_wconf 67' lang='lat' dir='ltr'>perfectiva</span> <span class='ocrx_word' id='word_1_111' title='bbox 801 318 817 331; x_wconf 91' lang='lat' dir='ltr'>et</span> <span class='ocrx_word' id='word_1_112' title='bbox 824 316 919 332; x_wconf 69' lang='lat' dir='ltr'>conversiva</span> <span class='ocrx_word' id='word_1_113' title='bbox 926 320 982 331; x_wconf 88' lang='lat' dir='ltr'>eorum</span> 
     </span>
     <span class='ocr_line' id='line_1_20' title="bbox 604 340 981 360; baseline 0.003 -5"><span class='ocrx_word' id='word_1_114' title='bbox 604 344 613 355; x_wconf 86' lang='lat' dir='ltr'>a</span> <span class='ocrx_word' id='word_1_115' title='bbox 626 340 681 356; x_wconf 87' lang='lat' dir='ltr'>multis</span> <span class='ocrx_word' id='word_1_116' title='bbox 692 340 796 360; x_wconf 83' lang='lat' dir='ltr'>opinionibus</span> <span class='ocrx_word' id='word_1_117' title='bbox 808 340 828 356; x_wconf 88' lang='lat' dir='ltr'>ad</span> <span class='ocrx_word' id='word_1_118' title='bbox 841 345 878 356; x_wconf 80' lang='lat' dir='ltr'>vere</span> <span class='ocrx_word' id='word_1_119' title='bbox 891 340 981 360; x_wconf 77' lang='lat' dir='ltr'>exsistens3</span> 
     </span>
     <span class='ocr_line' id='line_1_21' title="bbox 604 364 981 385; baseline 0.003 -6"><span class='ocrx_word' id='word_1_120' title='bbox 604 364 688 385; x_wconf 80' lang='lat' dir='ltr'>variasque</span> <span class='ocrx_word' id='word_1_121' title='bbox 700 365 775 383; x_wconf 73' lang='lat' dir='ltr'>visiones,</span> <span class='ocrx_word' id='word_1_122' title='bbox 786 365 811 381; x_wconf 80' lang='lat' dir='ltr'>vel</span> <span class='ocrx_word' id='word_1_123' title='bbox 824 365 877 385; x_wconf 81' lang='lat' dir='ltr'>potius</span> <span class='ocrx_word' id='word_1_124' title='bbox 889 365 981 385; x_wconf 71' lang='lat' dir='ltr'>phantasias</span> 
     </span>
     <span class='ocr_line' id='line_1_22' title="bbox 605 389 982 408; baseline 0.003 -4"><span class='ocrx_word' id='word_1_125' title='bbox 605 389 665 407; x_wconf 81' lang='lat' dir='ltr'>inanes,</span> <span class='ocrx_word' id='word_1_126' title='bbox 673 389 693 405; x_wconf 88' lang='lat' dir='ltr'>ad</span> <span class='ocrx_word' id='word_1_127' title='bbox 701 394 755 407; x_wconf 71' lang='lat' dir='ltr'>unuin,</span> <span class='ocrx_word' id='word_1_128' title='bbox 763 394 824 408; x_wconf 74' lang='lat' dir='ltr'>veram,</span> <span class='ocrx_word' id='word_1_129' title='bbox 833 390 909 405; x_wconf 80' lang='lat' dir='ltr'>mundam</span> <span class='ocrx_word' id='word_1_130' title='bbox 919 391 936 405; x_wconf 84' lang='lat' dir='ltr'>et</span> <span class='ocrx_word' id='word_1_131' title='bbox 947 389 982 405; x_wconf 87' lang='lat' dir='ltr'>uni-</span> 
     </span>
     <span class='ocr_line' id='line_1_23' title="bbox 604 413 982 435; baseline 0.003 -6"><span class='ocrx_word' id='word_1_132' title='bbox 604 413 672 429; x_wconf 79' lang='lat' dir='ltr'>formem</span> <span class='ocrx_word' id='word_1_133' title='bbox 685 414 757 429; x_wconf 89' lang='lat' dir='ltr'>notitiam</span> <span class='ocrx_word' id='word_1_134' title='bbox 770 414 854 434; x_wconf 75' lang='lat' dir='ltr'>colligens,</span> <span class='ocrx_word' id='word_1_135' title='bbox 866 414 982 435; x_wconf 73' lang='lat' dir='ltr'>speculstores-</span> 
     </span>
     <span class='ocr_line' id='line_1_24' title="bbox 604 438 903 459; baseline 0.003 -6"><span class='ocrx_word' id='word_1_136' title='bbox 604 443 636 458; x_wconf 85' lang='lat' dir='ltr'>que</span> <span class='ocrx_word' id='word_1_137' title='bbox 643 443 681 454; x_wconf 79' lang='lat' dir='ltr'>suos</span> <span class='ocrx_word' id='word_1_138' title='bbox 688 438 750 454; x_wconf 88' lang='lat' dir='ltr'>unitivo</span> <span class='ocrx_word' id='word_1_139' title='bbox 758 438 819 454; x_wconf 87' lang='lat' dir='ltr'>lumine</span> <span class='ocrx_word' id='word_1_140' title='bbox 827 438 903 459; x_wconf 88' lang='lat' dir='ltr'>implens.</span> 
     </span>
    </p>
   </div>
   <div class='ocr_carea' id='block_1_5' title="bbox 201 462 981 484">
    <p class='ocr_par' dir='ltr' id='par_1_6' title="bbox 201 462 981 484">
     <span class='ocr_line' id='line_1_25' title="bbox 201 462 981 484; baseline 0 -5"><span class='ocrx_word' id='word_1_141' title='bbox 201 463 242 479; x_wconf 88' lang='lat' dir='ltr'>Solis</span> <span class='ocrx_word' id='word_1_142' title='bbox 252 463 320 484; x_wconf 84' lang='lat' dir='ltr'>(inquit)</span> <span class='ocrx_word' id='word_1_143' title='bbox 330 463 384 479; x_wconf 77' lang='lat' dir='ltr'>radius</span> <span class='ocrx_word' id='word_1_144' title='bbox 397 467 416 478; x_wconf 85' lang='lat' dir='ltr'>ex</span> <span class='ocrx_word' id='word_1_145' title='bbox 429 462 471 478; x_wconf 87' lang='lat' dir='ltr'>bono</span> <span class='ocrx_word' id='word_1_146' title='bbox 483 464 512 481; x_wconf 87' lang='lat' dir='ltr'>est,</span> <span class='ocrx_word' id='word_1_147' title='bbox 524 462 540 478; x_wconf 91' lang='lat' dir='ltr'>id</span> <span class='ocrx_word' id='word_1_148' title='bbox 552 464 576 478; x_wconf 85' lang='lat' dir='ltr'>est</span> <span class='ocrx_word' id='word_1_149' title='bbox 586 462 598 478; x_wconf 80' lang='grc' dir='ltr'><strong><em>Β</em></strong></span> <span class='ocrx_word' id='word_1_150' title='bbox 624 463 672 478; x_wconf 82' lang='lat' dir='ltr'>Porro</span> <span class='ocrx_word' id='word_1_151' title='bbox 683 463 781 483; x_wconf 75' lang='lat' dir='ltr'>Augustinus</span> <span class='ocrx_word' id='word_1_152' title='bbox 796 463 816 479; x_wconf 83' lang='lat' dir='ltr'>de</span> <span class='ocrx_word' id='word_1_153' title='bbox 830 463 860 478; x_wconf 83' lang='lat' dir='ltr'>bac</span> <span class='ocrx_word' id='word_1_154' title='bbox 874 463 910 479; x_wconf 82' lang='lat' dir='ltr'>luce</span> <span class='ocrx_word' id='word_1_155' title='bbox 925 463 981 479; x_wconf 87' lang='lat' dir='ltr'>divina</span> 
     </span>
    </p>
   </div>
   <div class='ocr_carea' id='block_1_6' title="bbox 200 486 577 754">
    <p class='ocr_par' dir='ltr' id='par_1_7' title="bbox 200 486 577 754">
     <span class='ocr_line' id='line_1_26' title="bbox 201 486 577 507; baseline -0.003 -4"><span class='ocrx_word' id='word_1_156' title='bbox 201 492 221 503; x_wconf 84' lang='lat' dir='ltr'>ex</span> <span class='ocrx_word' id='word_1_157' title='bbox 238 487 293 503; x_wconf 87' lang='lat' dir='ltr'>divina</span> <span class='ocrx_word' id='word_1_158' title='bbox 310 487 381 503; x_wconf 77' lang='lat' dir='ltr'>bonitate</span> <span class='ocrx_word' id='word_1_159' title='bbox 395 492 477 503; x_wconf 83' lang='lat' dir='ltr'>emanans.</span> <span class='ocrx_word' id='word_1_160' title='bbox 492 486 577 507; x_wconf 74' lang='lat' dir='ltr'>Propterea</span> 
     </span>
     <span class='ocr_line' id='line_1_27' title="bbox 201 511 577 528; baseline -0.003 0"><span class='ocrx_word' id='word_1_161' title='bbox 201 512 262 528; x_wconf 86' lang='lat' dir='ltr'>bonurn</span> <span class='ocrx_word' id='word_1_162' title='bbox 273 516 301 528; x_wconf 82' lang='lat' dir='ltr'>seu</span> <span class='ocrx_word' id='word_1_163' title='bbox 314 512 355 528; x_wconf 85' lang='lat' dir='ltr'>Deua</span> <span class='ocrx_word' id='word_1_164' title='bbox 368 512 441 527; x_wconf 90' lang='lat' dir='ltr'>laudatur</span> <span class='ocrx_word' id='word_1_165' title='bbox 453 511 518 527; x_wconf 88' lang='lat' dir='ltr'>nomine</span> <span class='ocrx_word' id='word_1_166' title='bbox 531 511 577 527; x_wconf 88' lang='lat' dir='ltr'>lurui-</span> 
     </span>
     <span class='ocr_line' id='line_1_28' title="bbox 201 536 576 557; baseline -0.005 -4"><span class='ocrx_word' id='word_1_167' title='bbox 201 537 232 555; x_wconf 76' lang='lat' dir='ltr'>uis,</span> <span class='ocrx_word' id='word_1_168' title='bbox 241 539 307 557; x_wconf 80' lang='lat' dir='ltr'>propter</span> <span class='ocrx_word' id='word_1_169' title='bbox 314 536 445 552; x_wconf 77' lang='lat' dir='ltr'>assimilationem</span> <span class='ocrx_word' id='word_1_170' title='bbox 457 536 497 552; x_wconf 81' lang='lat' dir='ltr'>lucis</span> <span class='ocrx_word' id='word_1_171' title='bbox 505 541 542 551; x_wconf 86' lang='lat' dir='ltr'>cum</span> <span class='ocrx_word' id='word_1_172' title='bbox 550 536 576 551; x_wconf 54' lang='lat' dir='ltr'>bo⁴</span> 
     </span>
     <span class='ocr_line' id='line_1_29' title="bbox 201 560 577 580; baseline -0.003 -3"><span class='ocrx_word' id='word_1_173' title='bbox 201 566 222 577; x_wconf 91' lang='lat' dir='ltr'>no</span> <span class='ocrx_word' id='word_1_174' title='bbox 239 562 300 577; x_wconf 56' lang='lat' dir='ltr'>divino,</span> <span class='ocrx_word' id='word_1_175' title='bbox 318 561 455 580; x_wconf 75' lang='lat' dir='ltr'>Quemadmodum</span> <span class='ocrx_word' id='word_1_176' title='bbox 474 561 517 576; x_wconf 90' lang='lat' dir='ltr'>enim</span> <span class='ocrx_word' id='word_1_177' title='bbox 535 560 577 576; x_wconf 84' lang='lat' dir='ltr'>Deus</span> 
     </span>
     <span class='ocr_line' id='line_1_30' title="bbox 201 585 577 606; baseline -0.005 -4"><span class='ocrx_word' id='word_1_178' title='bbox 201 586 277 602; x_wconf 82' lang='lat' dir='ltr'>universa</span> <span class='ocrx_word' id='word_1_179' title='bbox 289 586 362 604; x_wconf 81' lang='lat' dir='ltr'>illustrat,</span> <span class='ocrx_word' id='word_1_180' title='bbox 375 590 404 601; x_wconf 88' lang='lat' dir='ltr'>nec</span> <span class='ocrx_word' id='word_1_181' title='bbox 418 585 479 606; x_wconf 76' lang='lat' dir='ltr'>aliquid</span> <span class='ocrx_word' id='word_1_182' title='bbox 491 585 515 605; x_wconf 88' lang='lat' dir='ltr'>(in</span> <span class='ocrx_word' id='word_1_183' title='bbox 528 590 577 605; x_wconf 81' lang='lat' dir='ltr'>quan-</span> 
     </span>
     <span class='ocr_line' id='line_1_31' title="bbox 201 609 577 631; baseline -0.003 -5"><span class='ocrx_word' id='word_1_184' title='bbox 201 613 235 626; x_wconf 88' lang='lat' dir='ltr'>tum</span> <span class='ocrx_word' id='word_1_185' title='bbox 244 610 260 626; x_wconf 83' lang='lat' dir='ltr'>in</span> <span class='ocrx_word' id='word_1_186' title='bbox 268 615 286 626; x_wconf 84' lang='lat' dir='ltr'>se</span> <span class='ocrx_word' id='word_1_187' title='bbox 293 611 324 630; x_wconf 87' lang='lat' dir='ltr'>est)</span> <span class='ocrx_word' id='word_1_188' title='bbox 332 610 454 631; x_wconf 67' lang='lat' dir='ltr'>participatione</span> <span class='ocrx_word' id='word_1_189' title='bbox 461 614 494 625; x_wconf 73' lang='lat' dir='ltr'>suae</span> <span class='ocrx_word' id='word_1_190' title='bbox 501 609 577 625; x_wconf 73' lang='lat' dir='ltr'>bonitatis</span> 
     </span>
     <span class='ocr_line' id='line_1_32' title="bbox 200 634 577 656; baseline -0.003 -6"><span class='ocrx_word' id='word_1_191' title='bbox 200 635 294 651; x_wconf 85' lang='lat' dir='ltr'>destitutum</span> <span class='ocrx_word' id='word_1_192' title='bbox 306 635 388 656; x_wconf 71' lang='lat' dir='ltr'>relinquit,</span> <span class='ocrx_word' id='word_1_193' title='bbox 399 634 427 650; x_wconf 79' lang='lat' dir='ltr'>sed</span> <span class='ocrx_word' id='word_1_194' title='bbox 438 634 513 650; x_wconf 89' lang='lat' dir='ltr'>omnibus</span> <span class='ocrx_word' id='word_1_195' title='bbox 523 639 577 654; x_wconf 88' lang='lat' dir='ltr'>super·</span> 
     </span>
     <span class='ocr_line' id='line_1_33' title="bbox 201 658 577 679; baseline -0.003 -4"><span class='ocrx_word' id='word_1_196' title='bbox 201 659 281 677; x_wconf 82' lang='lat' dir='ltr'>eminens,</span> <span class='ocrx_word' id='word_1_197' title='bbox 299 659 398 679; x_wconf 71' lang='lat' dir='ltr'>singulorum</span> <span class='ocrx_word' id='word_1_198' title='bbox 415 659 511 679; x_wconf 82' lang='lat' dir='ltr'>capacitates</span> <span class='ocrx_word' id='word_1_199' title='bbox 528 658 577 674; x_wconf 89' lang='lat' dir='ltr'>adim-</span> 
     </span>
     <span class='ocr_line' id='line_1_34' title="bbox 202 683 577 704; baseline -0.003 -5"><span class='ocrx_word' id='word_1_200' title='bbox 202 684 240 704; x_wconf 84' lang='lat' dir='ltr'>plet,</span> <span class='ocrx_word' id='word_1_201' title='bbox 252 686 269 699; x_wconf 86' lang='lat' dir='ltr'>et</span> <span class='ocrx_word' id='word_1_202' title='bbox 281 684 369 704; x_wconf 81' lang='lat' dir='ltr'>unicuique</span> <span class='ocrx_word' id='word_1_203' title='bbox 384 685 431 704; x_wconf 86' lang='lat' dir='ltr'>prout</span> <span class='ocrx_word' id='word_1_204' title='bbox 443 685 513 699; x_wconf 82' lang='lat' dir='ltr'>meretur</span> <span class='ocrx_word' id='word_1_205' title='bbox 525 685 541 699; x_wconf 85' lang='lat' dir='ltr'>et</span> <span class='ocrx_word' id='word_1_206' title='bbox 555 683 577 698; x_wconf 89' lang='lat' dir='ltr'>di·</span> 
     </span>
     <span class='ocr_line' id='line_1_35' title="bbox 200 708 577 729; baseline -0.003 -5"><span class='ocrx_word' id='word_1_207' title='bbox 200 713 250 729; x_wconf 87' lang='lat' dir='ltr'>gnum</span> <span class='ocrx_word' id='word_1_208' title='bbox 257 708 370 727; x_wconf 80' lang='lat' dir='ltr'>est,bonificos</span> <span class='ocrx_word' id='word_1_209' title='bbox 375 708 427 723; x_wconf 84' lang='lat' dir='ltr'>radios</span> <span class='ocrx_word' id='word_1_210' title='bbox 435 708 513 726; x_wconf 84' lang='lat' dir='ltr'>influit,et</span> <span class='ocrx_word' id='word_1_211' title='bbox 521 709 577 723; x_wconf 72' lang='lat' dir='ltr'>cuneta</span> 
     </span>
     <span class='ocr_line' id='line_1_36' title="bbox 201 732 577 754; baseline -0.003 -6"><span class='ocrx_word' id='word_1_212' title='bbox 201 735 287 754; x_wconf 72' lang='lat' dir='ltr'>perornat,</span> <span class='ocrx_word' id='word_1_213' title='bbox 300 733 323 748; x_wconf 83' lang='lat' dir='ltr'>sic</span> <span class='ocrx_word' id='word_1_214' title='bbox 336 732 359 748; x_wconf 92' lang='lat' dir='ltr'>sol</span> <span class='ocrx_word' id='word_1_215' title='bbox 373 733 402 748; x_wconf 86' lang='lat' dir='ltr'>iste</span> <span class='ocrx_word' id='word_1_216' title='bbox 414 732 501 750; x_wconf 79' lang='lat' dir='ltr'>sensibilis,</span> <span class='ocrx_word' id='word_1_217' title='bbox 514 732 542 752; x_wconf 81' lang='lat' dir='ltr'>qui</span> <span class='ocrx_word' id='word_1_218' title='bbox 554 732 577 747; x_wconf 92' lang='lat' dir='ltr'>di-</span> 
     </span>
    </p>
   </div>
   <div class='ocr_carea' id='block_1_7' title="bbox 201 757 596 777">
    <p class='ocr_par' dir='ltr' id='par_1_8' title="bbox 201 757 596 777">
     <span class='ocr_line' id='line_1_37' title="bbox 201 757 596 777; baseline -0.003 -4"><span class='ocrx_word' id='word_1_219' title='bbox 201 758 243 773; x_wconf 69' lang='lat' dir='ltr'>vinas</span> <span class='ocrx_word' id='word_1_220' title='bbox 253 757 329 773; x_wconf 84' lang='lat' dir='ltr'>bonitatis</span> <span class='ocrx_word' id='word_1_221' title='bbox 340 757 406 773; x_wconf 78' lang='lat' dir='ltr'>evidens</span> <span class='ocrx_word' id='word_1_222' title='bbox 419 759 443 773; x_wconf 84' lang='lat' dir='ltr'>est</span> <span class='ocrx_word' id='word_1_223' title='bbox 454 757 511 777; x_wconf 85' lang='lat' dir='ltr'>imago,</span> <span class='ocrx_word' id='word_1_224' title='bbox 522 757 576 772; x_wconf 87' lang='lat' dir='ltr'>omnia</span> <span class='ocrx_word' id='word_1_225' title='bbox 584 757 596 774; x_wconf 88' lang='lat' dir='ltr'>C</span> 
     </span>
    </p>
   </div>
   <div class='ocr_carea' id='block_1_8' title="bbox 200 781 577 1048">
    <p class='ocr_par' dir='ltr' id='par_1_9' title="bbox 200 781 577 1048">
     <span class='ocr_line' id='line_1_38' title="bbox 200 781 576 799; baseline -0.003 -1"><span class='ocrx_word' id='word_1_226' title='bbox 200 782 271 798; x_wconf 72' lang='lat' dir='ltr'>visibilia</span> <span class='ocrx_word' id='word_1_227' title='bbox 282 782 348 798; x_wconf 87' lang='lat' dir='ltr'>luminis</span> <span class='ocrx_word' id='word_1_228' title='bbox 359 782 384 797; x_wconf 93' lang='lat' dir='ltr'>sui</span> <span class='ocrx_word' id='word_1_229' title='bbox 394 782 481 797; x_wconf 83' lang='lat' dir='ltr'>diffusione</span> <span class='ocrx_word' id='word_1_230' title='bbox 492 781 576 799; x_wconf 74' lang='lat' dir='ltr'>clarificat.</span> 
     </span>
     <span class='ocr_line' id='line_1_39' title="bbox 200 806 577 827; baseline -0.005 -4"><span class='ocrx_word' id='word_1_231' title='bbox 200 809 247 823; x_wconf 82' lang='lat' dir='ltr'>ornat</span> <span class='ocrx_word' id='word_1_232' title='bbox 256 809 273 823; x_wconf 80' lang='lat' dir='ltr'>et</span> <span class='ocrx_word' id='word_1_233' title='bbox 282 806 357 827; x_wconf 90' lang='lat' dir='ltr'>complet,</span> <span class='ocrx_word' id='word_1_234' title='bbox 365 808 413 827; x_wconf 76' lang='lat' dir='ltr'>atque</span> <span class='ocrx_word' id='word_1_235' title='bbox 423 806 510 826; x_wconf 80' lang='lat' dir='ltr'>unicuique</span> <span class='ocrx_word' id='word_1_236' title='bbox 520 810 577 821; x_wconf 87' lang='lat' dir='ltr'>secun-</span> 
     </span>
     <span class='ocr_line' id='line_1_40' title="bbox 201 830 577 852; baseline -0.003 -5"><span class='ocrx_word' id='word_1_237' title='bbox 201 832 240 847; x_wconf 86' lang='lat' dir='ltr'>dum</span> <span class='ocrx_word' id='word_1_238' title='bbox 248 831 291 852; x_wconf 85' lang='lat' dir='ltr'>quod</span> <span class='ocrx_word' id='word_1_239' title='bbox 298 836 355 851; x_wconf 80' lang='lat' dir='ltr'>eaperc</span> <span class='ocrx_word' id='word_1_240' title='bbox 363 830 476 851; x_wconf 84' lang='lat' dir='ltr'>potest,radios</span> <span class='ocrx_word' id='word_1_241' title='bbox 485 830 577 846; x_wconf 70' lang='lat' dir='ltr'>luciformes</span> 
     </span>
     <span class='ocr_line' id='line_1_41' title="bbox 201 855 576 876; baseline -0.005 -4"><span class='ocrx_word' id='word_1_242' title='bbox 201 856 276 872; x_wconf 76' lang='lat' dir='ltr'>infundit.</span> <span class='ocrx_word' id='word_1_243' title='bbox 289 856 356 876; x_wconf 84' lang='lat' dir='ltr'>lnsuper</span> <span class='ocrx_word' id='word_1_244' title='bbox 367 855 451 876; x_wconf 73' lang='lat' dir='ltr'>Dionysius</span> <span class='ocrx_word' id='word_1_245' title='bbox 463 859 466 871; x_wconf 73' lang='grc' dir='ltr'>ε</span> <span class='ocrx_word' id='word_1_246' title='bbox 478 855 576 873; x_wconf 83' lang='lat' dir='ltr'>Tractemus,</span> 
     </span>
     <span class='ocr_line' id='line_1_42' title="bbox 200 879 576 901; baseline -0.003 -5"><span class='ocrx_word' id='word_1_247' title='bbox 200 881 228 899; x_wconf 82' lang='lat' dir='ltr'>ait,</span> <span class='ocrx_word' id='word_1_248' title='bbox 240 880 322 901; x_wconf 78' lang='lat' dir='ltr'>quomodo</span> <span class='ocrx_word' id='word_1_249' title='bbox 334 880 396 896; x_wconf 75' lang='lat' dir='ltr'>bouitas</span> <span class='ocrx_word' id='word_1_250' title='bbox 409 880 463 896; x_wconf 88' lang='lat' dir='ltr'>divina</span> <span class='ocrx_word' id='word_1_251' title='bbox 475 879 576 900; x_wconf 70' lang='lat' dir='ltr'>intelligibile</span> 
     </span>
     <span class='ocr_line' id='line_1_43' title="bbox 201 904 575 925; baseline -0.003 -5"><span class='ocrx_word' id='word_1_252' title='bbox 201 905 256 920; x_wconf 90' lang='lat' dir='ltr'>lumen</span> <span class='ocrx_word' id='word_1_253' title='bbox 264 906 334 921; x_wconf 40' lang='lat' dir='ltr'>voecturi</span> <span class='ocrx_word' id='word_1_254' title='bbox 342 904 387 923; x_wconf 79' lang='lat' dir='ltr'>Quod</span> <span class='ocrx_word' id='word_1_255' title='bbox 398 904 453 925; x_wconf 77' lang='lat' dir='ltr'>utique</span> <span class='ocrx_word' id='word_1_256' title='bbox 465 904 500 919; x_wconf 89' lang='lat' dir='ltr'>ideo</span> <span class='ocrx_word' id='word_1_257' title='bbox 510 904 575 922; x_wconf 85' lang='lat' dir='ltr'>dicitur,</span> 
     </span>
     <span class='ocr_line' id='line_1_44' title="bbox 200 929 576 950; baseline -0.003 -5"><span class='ocrx_word' id='word_1_258' title='bbox 200 930 276 950; x_wconf 80' lang='lat' dir='ltr'>quoniam</span> <span class='ocrx_word' id='word_1_259' title='bbox 288 930 322 950; x_wconf 90' lang='lat' dir='ltr'>ipsa</span> <span class='ocrx_word' id='word_1_260' title='bbox 333 934 397 945; x_wconf 87' lang='lat' dir='ltr'>omnem</span> <span class='ocrx_word' id='word_1_261' title='bbox 409 929 540 949; x_wconf 80' lang='lat' dir='ltr'>supercoelestem</span> <span class='ocrx_word' id='word_1_262' title='bbox 553 929 576 944; x_wconf 90' lang='lat' dir='ltr'>in-</span> 
     </span>
     <span class='ocr_line' id='line_1_45' title="bbox 200 953 576 974; baseline -0.005 -4"><span class='ocrx_word' id='word_1_263' title='bbox 200 954 283 970; x_wconf 83' lang='lat' dir='ltr'>tellectum</span> <span class='ocrx_word' id='word_1_264' title='bbox 299 953 397 974; x_wconf 75' lang='lat' dir='ltr'>intelligibili</span> <span class='ocrx_word' id='word_1_265' title='bbox 410 953 470 969; x_wconf 86' lang='lat' dir='ltr'>lumine</span> <span class='ocrx_word' id='word_1_266' title='bbox 484 953 546 973; x_wconf 83' lang='lat' dir='ltr'>implet,</span> <span class='ocrx_word' id='word_1_267' title='bbox 560 955 576 968; x_wconf 92' lang='lat' dir='ltr'>et</span> 
     </span>
     <span class='ocr_line' id='line_1_46' title="bbox 200 978 576 999; baseline -0.003 -5"><span class='ocrx_word' id='word_1_268' title='bbox 200 978 220 994; x_wconf 89' lang='lat' dir='ltr'>ab</span> <span class='ocrx_word' id='word_1_269' title='bbox 232 978 317 994; x_wconf 79' lang='lat' dir='ltr'>animabus</span> <span class='ocrx_word' id='word_1_270' title='bbox 331 978 390 999; x_wconf 85' lang='lat' dir='ltr'>quibus</span> <span class='ocrx_word' id='word_1_271' title='bbox 405 978 499 998; x_wconf 73' lang='lat' dir='ltr'>ingignitur,</span> <span class='ocrx_word' id='word_1_272' title='bbox 511 982 576 993; x_wconf 85' lang='lat' dir='ltr'>omnem</span> 
     </span>
     <span class='ocr_line' id='line_1_47' title="bbox 201 1002 576 1024; baseline -0.003 -5"><span class='ocrx_word' id='word_1_273' title='bbox 201 1003 294 1024; x_wconf 73' lang='lat' dir='ltr'>ignorantiae</span> <span class='ocrx_word' id='word_1_274' title='bbox 310 1003 366 1019; x_wconf 75' lang='lat' dir='ltr'>necem</span> <span class='ocrx_word' id='word_1_275' title='bbox 384 1002 452 1023; x_wconf 77' lang='lat' dir='ltr'>repellit,</span> <span class='ocrx_word' id='word_1_276' title='bbox 468 1004 484 1018; x_wconf 87' lang='lat' dir='ltr'>et</span> <span class='ocrx_word' id='word_1_277' title='bbox 500 1002 576 1018; x_wconf 87' lang='lat' dir='ltr'>omnibus</span> 
     </span>
     <span class='ocr_line' id='line_1_48' title="bbox 200 1027 576 1048; baseline -0.003 -5"><span class='ocrx_word' id='word_1_278' title='bbox 200 1028 289 1044; x_wconf 73' lang='lat' dir='ltr'>secuudum</span> <span class='ocrx_word' id='word_1_279' title='bbox 302 1027 345 1048; x_wconf 86' lang='lat' dir='ltr'>qnod</span> <span class='ocrx_word' id='word_1_280' title='bbox 355 1032 412 1048; x_wconf 77' lang='lat' dir='ltr'>capere</span> <span class='ocrx_word' id='word_1_281' title='bbox 425 1029 491 1048; x_wconf 81' lang='lat' dir='ltr'>queunt,</span> <span class='ocrx_word' id='word_1_282' title='bbox 502 1029 576 1042; x_wconf 81' lang='lat' dir='ltr'>sanctum</span> 
     </span>
    </p>
   </div>
   <div class='ocr_carea' id='block_1_9' title="bbox 604 487 982 606">
    <p class='ocr_par' dir='ltr' id='par_1_10' title="bbox 604 487 982 606">
     <span class='ocr_line' id='line_1_49' title="bbox 604 487 982 508; baseline 0 -5"><span class='ocrx_word' id='word_1_283' title='bbox 604 487 738 503; x_wconf 76' lang='lat' dir='ltr'>affectuosissime</span> <span class='ocrx_word' id='word_1_284' title='bbox 749 487 822 508; x_wconf 82' lang='lat' dir='ltr'>loquens.</span> <span class='ocrx_word' id='word_1_285' title='bbox 830 488 852 503; x_wconf 89' lang='lat' dir='ltr'>ait</span> <span class='ocrx_word' id='word_1_286' title='bbox 861 492 864 503; x_wconf 93' lang='lat'>:</span> <span class='ocrx_word' id='word_1_287' title='bbox 872 488 885 503; x_wconf 88' lang='grc' dir='ltr'><strong>Ο</strong></span> <span class='ocrx_word' id='word_1_288' title='bbox 893 487 947 503; x_wconf 87' lang='lat' dir='ltr'>lumen</span> <span class='ocrx_word' id='word_1_289' title='bbox 956 492 982 503; x_wconf 79' lang='lat' dir='ltr'>ve-</span> 
     </span>
     <span class='ocr_line' id='line_1_50' title="bbox 604 511 980 530; baseline 0.003 -3"><span class='ocrx_word' id='word_1_290' title='bbox 604 516 646 530; x_wconf 91' lang='lat' dir='ltr'>rum,</span> <span class='ocrx_word' id='word_1_291' title='bbox 657 511 710 527; x_wconf 88' lang='lat' dir='ltr'>lumen</span> <span class='ocrx_word' id='word_1_292' title='bbox 722 514 801 530; x_wconf 84' lang='lat' dir='ltr'>sanetum,</span> <span class='ocrx_word' id='word_1_293' title='bbox 813 512 868 528; x_wconf 89' lang='lat' dir='ltr'>lumen</span> <span class='ocrx_word' id='word_1_294' title='bbox 878 512 980 530; x_wconf 79' lang='lat' dir='ltr'>delectabile,</span> 
     </span>
     <span class='ocr_line' id='line_1_51' title="bbox 604 536 981 557; baseline 0.003 -6"><span class='ocrx_word' id='word_1_295' title='bbox 604 536 659 551; x_wconf 92' lang='lat' dir='ltr'>lumen</span> <span class='ocrx_word' id='word_1_296' title='bbox 669 536 764 552; x_wconf 79' lang='lat' dir='ltr'>admirabile</span> <span class='ocrx_word' id='word_1_297' title='bbox 773 539 789 552; x_wconf 86' lang='lat' dir='ltr'>et</span> <span class='ocrx_word' id='word_1_298' title='bbox 799 536 929 557; x_wconf 78' lang='lat' dir='ltr'>superminbile,</span> <span class='ocrx_word' id='word_1_299' title='bbox 937 537 981 557; x_wconf 87' lang='lat' dir='ltr'>quod</span> 
     </span>
     <span class='ocr_line' id='line_1_52' title="bbox 604 560 982 581; baseline 0.003 -5"><span class='ocrx_word' id='word_1_300' title='bbox 604 560 686 576; x_wconf 80' lang='lat' dir='ltr'>illuminas</span> <span class='ocrx_word' id='word_1_301' title='bbox 693 561 748 576; x_wconf 90' lang='lat' dir='ltr'>oculos</span> <span class='ocrx_word' id='word_1_302' title='bbox 755 561 854 581; x_wconf 75' lang='lat' dir='ltr'>angolorum,</span> <span class='ocrx_word' id='word_1_303' title='bbox 863 561 905 581; x_wconf 77' lang='lat' dir='ltr'>qnod</span> <span class='ocrx_word' id='word_1_304' title='bbox 913 565 945 577; x_wconf 87' lang='lat' dir='ltr'>nou</span> <span class='ocrx_word' id='word_1_305' title='bbox 957 561 982 577; x_wconf 93' lang='lat' dir='ltr'>ni-</span> 
     </span>
     <span class='ocr_line' id='line_1_53' title="bbox 604 585 980 606; baseline 0.003 -6"><span class='ocrx_word' id='word_1_306' title='bbox 604 585 617 600; x_wconf 88' lang='lat' dir='ltr'>si</span> <span class='ocrx_word' id='word_1_307' title='bbox 627 590 636 600; x_wconf 87' lang='lat' dir='ltr'>a</span> <span class='ocrx_word' id='word_1_308' title='bbox 645 585 763 606; x_wconf 77' lang='lat' dir='ltr'>purgatissimis</span> <span class='ocrx_word' id='word_1_309' title='bbox 773 585 850 601; x_wconf 82' lang='lat' dir='ltr'>cordibus</span> <span class='ocrx_word' id='word_1_310' title='bbox 861 586 911 601; x_wconf 88' lang='lat' dir='ltr'>videri</span> <span class='ocrx_word' id='word_1_311' title='bbox 923 588 980 606; x_wconf 77' lang='lat' dir='ltr'>potes!</span> 
     </span>
    </p>
   </div>
   <div class='ocr_carea' id='block_1_10' title="bbox 604 609 1062 631">
    <p class='ocr_par' dir='ltr' id='par_1_11' title="bbox 604 609 1062 631">
     <span class='ocr_line' id='line_1_54' title="bbox 604 609 1062 631; baseline 0.009 -6"><span class='ocrx_word' id='word_1_312' title='bbox 604 609 647 625; x_wconf 80' lang='lat' dir='ltr'>Beati</span> <span class='ocrx_word' id='word_1_313' title='bbox 663 610 722 625; x_wconf 85' lang='lat' dir='ltr'>mundo</span> <span class='ocrx_word' id='word_1_314' title='bbox 737 610 789 628; x_wconf 86' lang='lat' dir='ltr'>corde,</span> <span class='ocrx_word' id='word_1_315' title='bbox 801 610 878 631; x_wconf 79' lang='lat' dir='ltr'>quoniam</span> <span class='ocrx_word' id='word_1_316' title='bbox 891 610 922 631; x_wconf 83' lang='lat' dir='ltr'>ipsi</span> <span class='ocrx_word' id='word_1_317' title='bbox 936 611 981 626; x_wconf 88' lang='lat' dir='ltr'>vide·</span> <span class='ocrx_word' id='word_1_318' title='bbox 995 617 1062 630; x_wconf 62' lang='grc' dir='ltr'>ιιινω»,</span> 
     </span>
    </p>
   </div>
   <div class='ocr_carea' id='block_1_11' title="bbox 604 634 998 751">
    <p class='ocr_par' dir='ltr' id='par_1_12' title="bbox 604 634 998 751">
     <span class='ocr_line' id='line_1_55' title="bbox 604 634 998 655; baseline 0.005 -6"><span class='ocrx_word' id='word_1_319' title='bbox 604 634 645 649; x_wconf 92' lang='lat' dir='ltr'>bunt</span> <span class='ocrx_word' id='word_1_320' title='bbox 655 636 675 650; x_wconf 35' lang='lat' dir='ltr'>tei</span> <span class='ocrx_word' id='word_1_321' title='bbox 686 634 698 650; x_wconf 91' lang='lat'>0</span> <span class='ocrx_word' id='word_1_322' title='bbox 710 634 737 650; x_wconf 80' lang='lat' dir='ltr'>lux</span> <span class='ocrx_word' id='word_1_323' title='bbox 749 639 796 655; x_wconf 83' lang='lat' dir='ltr'>quam</span> <span class='ocrx_word' id='word_1_324' title='bbox 809 639 841 650; x_wconf 90' lang='lat' dir='ltr'>non</span> <span class='ocrx_word' id='word_1_325' title='bbox 852 635 893 650; x_wconf 82' lang='lat' dir='ltr'>vidit</span> <span class='ocrx_word' id='word_1_326' title='bbox 903 635 935 651; x_wconf 83' lang='lat' dir='ltr'>alia</span> <span class='ocrx_word' id='word_1_327' title='bbox 946 634 998 654; x_wconf 76' lang='lat' dir='ltr'>lux,⁵-</span> 
     </span>
     <span class='ocr_line' id='line_1_56' title="bbox 605 658 981 679; baseline 0.003 -5"><span class='ocrx_word' id='word_1_328' title='bbox 605 658 659 674; x_wconf 80' lang='lat' dir='ltr'>lumen</span> <span class='ocrx_word' id='word_1_329' title='bbox 670 659 713 679; x_wconf 88' lang='lat' dir='ltr'>quod</span> <span class='ocrx_word' id='word_1_330' title='bbox 724 663 756 675; x_wconf 87' lang='lat' dir='ltr'>non</span> <span class='ocrx_word' id='word_1_331' title='bbox 769 659 811 675; x_wconf 85' lang='lat' dir='ltr'>videt</span> <span class='ocrx_word' id='word_1_332' title='bbox 823 659 867 675; x_wconf 87' lang='lat' dir='ltr'>aliud</span> <span class='ocrx_word' id='word_1_333' title='bbox 879 659 940 678; x_wconf 83' lang='lat' dir='ltr'>lumen,</span> <span class='ocrx_word' id='word_1_334' title='bbox 953 660 981 675; x_wconf 86' lang='lat' dir='ltr'>lux</span> 
     </span>
     <span class='ocr_line' id='line_1_57' title="bbox 604 683 981 705; baseline 0.003 -6"><span class='ocrx_word' id='word_1_335' title='bbox 604 688 640 703; x_wconf 76' lang='lat' dir='ltr'>quae</span> <span class='ocrx_word' id='word_1_336' title='bbox 654 683 749 699; x_wconf 82' lang='lat' dir='ltr'>obtenebras</span> <span class='ocrx_word' id='word_1_337' title='bbox 763 683 822 702; x_wconf 82' lang='lat' dir='ltr'>lucem,</span> <span class='ocrx_word' id='word_1_338' title='bbox 837 684 884 704; x_wconf 81' lang='lat' dir='ltr'>cujus</span> <span class='ocrx_word' id='word_1_339' title='bbox 898 688 981 705; x_wconf 75' lang='lat' dir='ltr'>compnra-</span> 
     </span>
     <span class='ocr_line' id='line_1_58' title="bbox 604 707 981 727; baseline 0.003 -4"><span class='ocrx_word' id='word_1_340' title='bbox 604 707 647 723; x_wconf 85' lang='lat' dir='ltr'>tione</span> <span class='ocrx_word' id='word_1_341' title='bbox 655 712 702 723; x_wconf 87' lang='lat' dir='ltr'>omne</span> <span class='ocrx_word' id='word_1_342' title='bbox 711 708 764 723; x_wconf 88' lang='lat' dir='ltr'>lumen</span> <span class='ocrx_word' id='word_1_343' title='bbox 776 710 800 724; x_wconf 86' lang='lat' dir='ltr'>est</span> <span class='ocrx_word' id='word_1_344' title='bbox 810 708 881 727; x_wconf 85' lang='lat' dir='ltr'>tenebra,</span> <span class='ocrx_word' id='word_1_345' title='bbox 889 709 916 724; x_wconf 82' lang='lat' dir='ltr'>cui</span> <span class='ocrx_word' id='word_1_346' title='bbox 924 713 981 725; x_wconf 81' lang='lat' dir='ltr'>omnes</span> 
     </span>
     <span class='ocr_line' id='line_1_59' title="bbox 605 732 981 751; baseline 0.003 -3"><span class='ocrx_word' id='word_1_347' title='bbox 605 732 673 748; x_wconf 71' lang='lat' dir='ltr'>tenebrae</span> <span class='ocrx_word' id='word_1_348' title='bbox 681 732 741 751; x_wconf 88' lang='lat' dir='ltr'>lumen,</span> <span class='ocrx_word' id='word_1_349' title='bbox 750 733 775 748; x_wconf 87' lang='lat' dir='ltr'>cui</span> <span class='ocrx_word' id='word_1_350' title='bbox 783 732 836 748; x_wconf 88' lang='lat' dir='ltr'>omnis</span> <span class='ocrx_word' id='word_1_351' title='bbox 843 733 934 749; x_wconf 77' lang='lat' dir='ltr'>obscuritas</span> <span class='ocrx_word' id='word_1_352' title='bbox 942 733 970 749; x_wconf 84' lang='lat' dir='ltr'>lux</span> <span class='ocrx_word' id='word_1_353' title='bbox 977 735 981 749; x_wconf 88' lang='lat' dir='ltr'>l</span> 
     </span>
    </p>
   </div>
   <div class='ocr_carea' id='block_1_12' title="bbox 709 800 878 817">
    <p class='ocr_par' dir='ltr' id='par_1_13' title="bbox 709 800 878 817">
     <span class='ocr_line' id='line_1_60' title="bbox 709 800 878 817; baseline 0 -1"><span class='ocrx_word' id='word_1_354' title='bbox 709 801 831 817; x_wconf 77' lang='lat' dir='ltr'>ARTICULUS</span> <span class='ocrx_word' id='word_1_355' title='bbox 843 800 878 816; x_wconf 60' lang='lat' dir='ltr'>LV,</span> 
     </span>
    </p>
   </div>
   <div class='ocr_carea' id='block_1_13' title="bbox 604 836 982 900">
    <p class='ocr_par' dir='ltr' id='par_1_14' title="bbox 604 836 982 900">
     <span class='ocr_line' id='line_1_61' title="bbox 604 836 982 855; baseline -0.003 -3"><span class='ocrx_word' id='word_1_356' title='bbox 604 837 631 852; x_wconf 81' lang='lat' dir='ltr'>An</span> <span class='ocrx_word' id='word_1_357' title='bbox 642 837 678 853; x_wconf 59' lang='lat' dir='ltr'>lux.</span> <span class='ocrx_word' id='word_1_358' title='bbox 689 836 771 855; x_wconf 75' lang='lat' dir='ltr'>splendor,</span> <span class='ocrx_word' id='word_1_359' title='bbox 781 836 837 850; x_wconf 74' lang='lat' dir='ltr'>lumen</span> <span class='ocrx_word' id='word_1_360' title='bbox 848 838 863 850; x_wconf 76' lang='lat' dir='ltr'>et</span> <span class='ocrx_word' id='word_1_361' title='bbox 875 836 934 851; x_wconf 64' lang='lat' dir='ltr'>radius</span> <span class='ocrx_word' id='word_1_362' title='bbox 942 841 982 855; x_wconf 66' lang='lat' dir='ltr'>pro&gt;</span> 
     </span>
     <span class='ocr_line' id='line_1_62' title="bbox 622 858 982 877; baseline 0 -4"><span class='ocrx_word' id='word_1_363' title='bbox 622 859 660 877; x_wconf 76' lang='lat' dir='ltr'>prie</span> <span class='ocrx_word' id='word_1_364' title='bbox 672 859 704 874; x_wconf 71' lang='lat' dir='ltr'>Deo</span> <span class='ocrx_word' id='word_1_365' title='bbox 716 858 820 875; x_wconf 71' lang='lat' dir='ltr'>conueniant,</span> <span class='ocrx_word' id='word_1_366' title='bbox 831 859 856 873; x_wconf 78' lang='lat' dir='ltr'>vel</span> <span class='ocrx_word' id='word_1_367' title='bbox 866 859 923 877; x_wconf 70' lang='lat' dir='ltr'>potius</span> <span class='ocrx_word' id='word_1_368' title='bbox 935 861 982 873; x_wconf 75' lang='lat' dir='ltr'>cran-</span> 
     </span>
     <span class='ocr_line' id='line_1_63' title="bbox 623 881 869 900; baseline 0 -5"><span class='ocrx_word' id='word_1_369' title='bbox 623 881 704 900; x_wconf 65' lang='lat' dir='ltr'>sumpetve</span> <span class='ocrx_word' id='word_1_370' title='bbox 716 885 744 895; x_wconf 72' lang='lat' dir='ltr'>sm</span> <span class='ocrx_word' id='word_1_371' title='bbox 755 881 869 899; x_wconf 71' lang='lat' dir='ltr'>metaphorice.</span> 
     </span>
    </p>
   </div>
   <div class='ocr_carea' id='block_1_14' title="bbox 603 929 1048 1048">
    <p class='ocr_par' dir='ltr' id='par_1_15' title="bbox 641 929 980 949">
     <span class='ocr_line' id='line_1_64' title="bbox 641 929 980 949; baseline 0.006 -5"><span class='ocrx_word' id='word_1_372' title='bbox 641 929 679 945; x_wconf 66' lang='grc' dir='ltr'>ΛΚΕ</span> <span class='ocrx_word' id='word_1_373' title='bbox 697 929 762 949; x_wconf 80' lang='lat' dir='ltr'>insuper</span> <span class='ocrx_word' id='word_1_374' title='bbox 778 929 889 949; x_wconf 67' lang='lat' dir='ltr'>quaestionem,</span> <span class='ocrx_word' id='word_1_375' title='bbox 904 930 980 946; x_wconf 81' lang='lat' dir='ltr'>videlicet</span> 
     </span>
    </p>

    <p class='ocr_par' dir='ltr' id='par_1_16' title="bbox 603 953 1048 1048">
     <span class='ocr_line' id='line_1_65' title="bbox 648 953 980 976; baseline 0.006 -7"><span class='ocrx_word' id='word_1_376' title='bbox 648 958 667 969; x_wconf 87' lang='lat' dir='ltr'>an</span> <span class='ocrx_word' id='word_1_377' title='bbox 681 953 707 969; x_wconf 83' lang='lat' dir='ltr'>lux</span> <span class='ocrx_word' id='word_1_378' title='bbox 720 954 784 974; x_wconf 83' lang='lat' dir='ltr'>proprie</span> <span class='ocrx_word' id='word_1_379' title='bbox 795 958 831 970; x_wconf 87' lang='lat' dir='ltr'>esse</span> <span class='ocrx_word' id='word_1_380' title='bbox 842 954 905 970; x_wconf 81' lang='lat' dir='ltr'>dicatur</span> <span class='ocrx_word' id='word_1_381' title='bbox 917 955 933 970; x_wconf 90' lang='lat' dir='ltr'>in</span> <span class='ocrx_word' id='word_1_382' title='bbox 948 955 980 976; x_wconf 91' lang='lat' dir='ltr'>spi-</span> 
     </span>
     <span class='ocr_line' id='line_1_66' title="bbox 603 978 978 999; baseline 0.005 -6"><span class='ocrx_word' id='word_1_383' title='bbox 603 978 693 996; x_wconf 88' lang='lat' dir='ltr'>ritualibus,</span> <span class='ocrx_word' id='word_1_384' title='bbox 708 978 723 994; x_wconf 86' lang='lat' dir='ltr'>S.</span> <span class='ocrx_word' id='word_1_385' title='bbox 739 978 807 994; x_wconf 83' lang='lat' dir='ltr'>Thomas</span> <span class='ocrx_word' id='word_1_386' title='bbox 824 983 872 999; x_wconf 87' lang='lat' dir='ltr'>super</span> <span class='ocrx_word' id='word_1_387' title='bbox 889 980 978 995; x_wconf 82' lang='lat' dir='ltr'>secundum</span> 
     </span>
     <span class='ocr_line' id='line_1_67' title="bbox 603 1002 1048 1024; baseline 0.007 -6"><span class='ocrx_word' id='word_1_388' title='bbox 603 1002 721 1018; x_wconf 79' lang='lat' dir='ltr'>Sententiarum</span> <span class='ocrx_word' id='word_1_389' title='bbox 730 1003 797 1021; x_wconf 80' lang='lat' dir='ltr'>inducit,</span> <span class='ocrx_word' id='word_1_390' title='bbox 805 1008 873 1024; x_wconf 77' lang='lat' dir='ltr'>eamque</span> <span class='ocrx_word' id='word_1_391' title='bbox 880 1004 965 1020; x_wconf 72' lang='lat' dir='ltr'>absolvens</span> <span class='ocrx_word' id='word_1_392' title='bbox 974 1009 978 1020; x_wconf 90' lang='lat'><strong>:</strong></span> <span class='ocrx_word' id='word_1_393' title='bbox 986 1009 1015 1020; x_wconf 37' lang='lat' dir='ltr'>diat*</span> <span class='ocrx_word' id='word_1_394' title='bbox 1023 1013 1048 1021; x_wconf 74' lang='lat' dir='ltr'>nn.</span> 
     </span>
     <span class='ocr_line' id='line_1_68' title="bbox 603 1027 979 1048; baseline 0.008 -6"><span class='ocrx_word' id='word_1_395' title='bbox 603 1027 674 1045; x_wconf 73' lang='lat' dir='ltr'>Videtur,</span> <span class='ocrx_word' id='word_1_396' title='bbox 686 1027 742 1048; x_wconf 78' lang='lat' dir='ltr'>inquit,</span> <span class='ocrx_word' id='word_1_397' title='bbox 753 1027 795 1043; x_wconf 82' lang='lat' dir='ltr'>inter</span> <span class='ocrx_word' id='word_1_398' title='bbox 805 1027 871 1044; x_wconf 82' lang='lat' dir='ltr'>Sanctus</span> <span class='ocrx_word' id='word_1_399' title='bbox 881 1033 916 1044; x_wconf 87' lang='lat' dir='ltr'>esse</span> <span class='ocrx_word' id='word_1_400' title='bbox 927 1029 979 1045; x_wconf 89' lang='lat' dir='ltr'>diver-</span> 
     </span>
    </p>
   </div>
   <div class='ocr_carea' id='block_1_15' title="bbox 201 1051 980 1074">
    <p class='ocr_par' dir='ltr' id='par_1_17' title="bbox 201 1051 980 1074">
     <span class='ocr_line' id='line_1_69' title="bbox 201 1051 980 1074; baseline 0.001 -6"><span class='ocrx_word' id='word_1_401' title='bbox 201 1053 255 1068; x_wconf 88' lang='lat' dir='ltr'>lumen</span> <span class='ocrx_word' id='word_1_402' title='bbox 267 1052 337 1068; x_wconf 80' lang='lat' dir='ltr'>infundit</span> <span class='ocrx_word' id='word_1_403' title='bbox 346 1056 349 1067; x_wconf 83' lang='lat' dir='ltr'>z</span> <span class='ocrx_word' id='word_1_404' title='bbox 358 1051 417 1072; x_wconf 80' lang='lat' dir='ltr'>quibus</span> <span class='ocrx_word' id='word_1_405' title='bbox 427 1051 528 1071; x_wconf 75' lang='lat' dir='ltr'>gustantibus</span> <span class='ocrx_word' id='word_1_406' title='bbox 536 1051 576 1067; x_wconf 84' lang='lat' dir='ltr'>lucis</span> <span class='ocrx_word' id='word_1_407' title='bbox 584 1052 596 1068; x_wconf 90' lang='lat' dir='ltr'>D</span> <span class='ocrx_word' id='word_1_408' title='bbox 604 1051 647 1070; x_wconf 83' lang='lat' dir='ltr'>sitas,</span> <span class='ocrx_word' id='word_1_409' title='bbox 658 1056 678 1067; x_wconf 87' lang='lat' dir='ltr'>an</span> <span class='ocrx_word' id='word_1_410' title='bbox 692 1052 718 1068; x_wconf 86' lang='lat' dir='ltr'>lux</span> <span class='ocrx_word' id='word_1_411' title='bbox 730 1052 784 1068; x_wconf 84' lang='lat' dir='ltr'>verius</span> <span class='ocrx_word' id='word_1_412' title='bbox 796 1057 831 1068; x_wconf 81' lang='lat' dir='ltr'>esse</span> <span class='ocrx_word' id='word_1_413' title='bbox 843 1053 906 1068; x_wconf 85' lang='lat' dir='ltr'>dicatur</span> <span class='ocrx_word' id='word_1_414' title='bbox 918 1053 934 1069; x_wconf 91' lang='lat' dir='ltr'>in</span> <span class='ocrx_word' id='word_1_415' title='bbox 947 1054 980 1074; x_wconf 89' lang='lat' dir='ltr'>spi-</span> 
     </span>
    </p>
   </div>
   <div class='ocr_carea' id='block_1_16' title="bbox 198 1076 576 1345">
    <p class='ocr_par' dir='ltr' id='par_1_18' title="bbox 198 1076 576 1345">
     <span class='ocr_line' id='line_1_70' title="bbox 200 1076 576 1097; baseline -0.005 -4"><span class='ocrx_word' id='word_1_416' title='bbox 200 1077 257 1093; x_wconf 72' lang='lat' dir='ltr'>infusoe</span> <span class='ocrx_word' id='word_1_417' title='bbox 268 1076 376 1095; x_wconf 82' lang='lat' dir='ltr'>dulcedinem,</span> <span class='ocrx_word' id='word_1_418' title='bbox 384 1078 431 1097; x_wconf 75' lang='lat' dir='ltr'>atque</span> <span class='ocrx_word' id='word_1_419' title='bbox 439 1076 510 1092; x_wconf 77' lang='lat' dir='ltr'>accensis</span> <span class='ocrx_word' id='word_1_420' title='bbox 518 1081 535 1091; x_wconf 81' lang='lat' dir='ltr'>ac</span> <span class='ocrx_word' id='word_1_421' title='bbox 545 1081 576 1092; x_wconf 74' lang='lat' dir='ltr'>ms-</span> 
     </span>
     <span class='ocr_line' id='line_1_71' title="bbox 200 1100 575 1122; baseline -0.003 -5"><span class='ocrx_word' id='word_1_422' title='bbox 200 1102 225 1122; x_wconf 85' lang='lat' dir='ltr'>gis</span> <span class='ocrx_word' id='word_1_423' title='bbox 237 1101 336 1122; x_wconf 78' lang='lat' dir='ltr'>optantibus,</span> <span class='ocrx_word' id='word_1_424' title='bbox 349 1101 412 1117; x_wconf 80' lang='lat' dir='ltr'>bonitas</span> <span class='ocrx_word' id='word_1_425' title='bbox 426 1100 480 1116; x_wconf 88' lang='lat' dir='ltr'>divina</span> <span class='ocrx_word' id='word_1_426' title='bbox 495 1101 575 1121; x_wconf 79' lang='lat' dir='ltr'>copiosius</span> 
     </span>
     <span class='ocr_line' id='line_1_72' title="bbox 200 1125 575 1146; baseline -0.003 -4"><span class='ocrx_word' id='word_1_427' title='bbox 200 1126 259 1142; x_wconf 83' lang='lat' dir='ltr'>emieat</span> <span class='ocrx_word' id='word_1_428' title='bbox 265 1128 282 1142; x_wconf 86' lang='lat' dir='ltr'>et</span> <span class='ocrx_word' id='word_1_429' title='bbox 291 1126 398 1141; x_wconf 79' lang='lat' dir='ltr'>abundantius</span> <span class='ocrx_word' id='word_1_430' title='bbox 408 1125 508 1146; x_wconf 74' lang='lat' dir='ltr'>superfulget</span> <span class='ocrx_word' id='word_1_431' title='bbox 516 1130 535 1141; x_wconf 81' lang='lat' dir='ltr'>ac</span> <span class='ocrx_word' id='word_1_432' title='bbox 543 1130 575 1141; x_wconf 82' lang='lat' dir='ltr'>am-</span> 
     </span>
     <span class='ocr_line' id='line_1_73' title="bbox 200 1150 574 1172; baseline -0.005 -5"><span class='ocrx_word' id='word_1_433' title='bbox 200 1151 243 1172; x_wconf 86' lang='lat' dir='ltr'>plius</span> <span class='ocrx_word' id='word_1_434' title='bbox 251 1151 304 1169; x_wconf 84' lang='lat' dir='ltr'>tradit,</span> <span class='ocrx_word' id='word_1_435' title='bbox 314 1150 390 1171; x_wconf 77' lang='lat' dir='ltr'>quoniam</span> <span class='ocrx_word' id='word_1_436' title='bbox 400 1150 490 1166; x_wconf 82' lang='lat' dir='ltr'>dilexerunt</span> <span class='ocrx_word' id='word_1_437' title='bbox 500 1150 574 1166; x_wconf 33' lang='lat' dir='ltr'>multum*</span> 
     </span>
     <span class='ocr_line' id='line_1_74' title="bbox 200 1174 575 1195; baseline -0.003 -4"><span class='ocrx_word' id='word_1_438' title='bbox 200 1175 264 1191; x_wconf 78' lang='lat' dir='ltr'>Bonitas</span> <span class='ocrx_word' id='word_1_439' title='bbox 276 1175 330 1195; x_wconf 84' lang='lat' dir='ltr'>itaque</span> <span class='ocrx_word' id='word_1_440' title='bbox 341 1175 396 1190; x_wconf 90' lang='lat' dir='ltr'>divina</span> <span class='ocrx_word' id='word_1_441' title='bbox 408 1174 462 1190; x_wconf 90' lang='lat' dir='ltr'>lumen</span> <span class='ocrx_word' id='word_1_442' title='bbox 474 1174 575 1195; x_wconf 75' lang='lat' dir='ltr'>intelligibile</span> 
     </span>
     <span class='ocr_line' id='line_1_75' title="bbox 199 1199 574 1221; baseline -0.003 -5"><span class='ocrx_word' id='word_1_443' title='bbox 199 1200 295 1221; x_wconf 83' lang='lat' dir='ltr'>appellatur,</span> <span class='ocrx_word' id='word_1_444' title='bbox 310 1202 386 1220; x_wconf 70' lang='lat' dir='ltr'>tanquam</span> <span class='ocrx_word' id='word_1_445' title='bbox 401 1199 454 1215; x_wconf 70' lang='lat' dir='ltr'>rudius</span> <span class='ocrx_word' id='word_1_446' title='bbox 468 1199 543 1215; x_wconf 86' lang='lat' dir='ltr'>fontanus</span> <span class='ocrx_word' id='word_1_447' title='bbox 559 1199 574 1215; x_wconf 90' lang='lat' dir='ltr'>iu</span> 
     </span>
     <span class='ocr_line' id='line_1_76' title="bbox 199 1224 575 1245; baseline -0.005 -4"><span class='ocrx_word' id='word_1_448' title='bbox 199 1230 216 1241; x_wconf 84' lang='lat' dir='ltr'>se</span> <span class='ocrx_word' id='word_1_449' title='bbox 231 1225 266 1245; x_wconf 70' lang='lat' dir='ltr'>ipso</span> <span class='ocrx_word' id='word_1_450' title='bbox 281 1229 383 1240; x_wconf 85' lang='lat' dir='ltr'>eoassumens</span> <span class='ocrx_word' id='word_1_451' title='bbox 399 1226 416 1240; x_wconf 86' lang='lat' dir='ltr'>et</span> <span class='ocrx_word' id='word_1_452' title='bbox 433 1224 543 1244; x_wconf 79' lang='lat' dir='ltr'>superhabens</span> <span class='ocrx_word' id='word_1_453' title='bbox 559 1226 575 1239; x_wconf 85' lang='lat' dir='ltr'>et</span> 
     </span>
     <span class='ocr_line' id='line_1_77' title="bbox 199 1248 575 1270; baseline -0.003 -5"><span class='ocrx_word' id='word_1_454' title='bbox 199 1249 293 1270; x_wconf 71' lang='lat' dir='ltr'>praehabens</span> <span class='ocrx_word' id='word_1_455' title='bbox 303 1253 368 1265; x_wconf 87' lang='lat' dir='ltr'>omnem</span> <span class='ocrx_word' id='word_1_456' title='bbox 379 1249 504 1264; x_wconf 83' lang='lat' dir='ltr'>dominationem</span> <span class='ocrx_word' id='word_1_457' title='bbox 515 1248 575 1264; x_wconf 87' lang='lat' dir='ltr'>illumi-</span> 
     </span>
     <span class='ocr_line' id='line_1_78' title="bbox 198 1273 575 1294; baseline -0.005 -4"><span class='ocrx_word' id='word_1_458' title='bbox 198 1274 256 1290; x_wconf 77' lang='lat' dir='ltr'>nativoe</span> <span class='ocrx_word' id='word_1_459' title='bbox 266 1274 336 1292; x_wconf 86' lang='lat' dir='ltr'>virtutis,</span> <span class='ocrx_word' id='word_1_460' title='bbox 344 1275 420 1294; x_wconf 74' lang='lat' dir='ltr'>tanquam</span> <span class='ocrx_word' id='word_1_461' title='bbox 430 1273 575 1293; x_wconf 81' lang='lat' dir='ltr'>superexcedenter</span> 
     </span>
     <span class='ocr_line' id='line_1_79' title="bbox 198 1297 574 1320; baseline -0.005 -5"><span class='ocrx_word' id='word_1_462' title='bbox 198 1301 215 1315; x_wconf 85' lang='lat' dir='ltr'>et</span> <span class='ocrx_word' id='word_1_463' title='bbox 225 1298 336 1320; x_wconf 84' lang='lat' dir='ltr'>principaliter</span> <span class='ocrx_word' id='word_1_464' title='bbox 347 1298 407 1316; x_wconf 80' lang='lat' dir='ltr'>lucens,</span> <span class='ocrx_word' id='word_1_465' title='bbox 415 1302 503 1318; x_wconf 83' lang='lat' dir='ltr'>omnesque</span> <span class='ocrx_word' id='word_1_466' title='bbox 514 1297 574 1313; x_wconf 84' lang='lat' dir='ltr'>illumi—</span> 
     </span>
     <span class='ocr_line' id='line_1_80' title="bbox 199 1323 572 1345; baseline -0.005 -5"><span class='ocrx_word' id='word_1_467' title='bbox 199 1326 244 1340; x_wconf 74' lang='lat' dir='ltr'>natos</span> <span class='ocrx_word' id='word_1_468' title='bbox 258 1323 344 1345; x_wconf 76' lang='lat' dir='ltr'>superfuso</span> <span class='ocrx_word' id='word_1_469' title='bbox 357 1323 402 1339; x_wconf 74' lang='lat' dir='ltr'>radio</span> <span class='ocrx_word' id='word_1_470' title='bbox 415 1327 513 1343; x_wconf 66' lang='lat' dir='ltr'>congregans</span> <span class='ocrx_word' id='word_1_471' title='bbox 524 1324 572 1343; x_wconf 83' lang='lat' dir='ltr'>atque</span> 
     </span>
    </p>
   </div>
   <div class='ocr_carea' id='block_1_17' title="bbox 600 1076 981 1344">
    <p class='ocr_par' dir='ltr' id='par_1_19' title="bbox 600 1076 981 1344">
     <span class='ocr_line' id='line_1_81' title="bbox 603 1076 980 1099; baseline 0.005 -7"><span class='ocrx_word' id='word_1_472' title='bbox 603 1076 694 1094; x_wconf 79' lang='lat' dir='ltr'>ritualibus,</span> <span class='ocrx_word' id='word_1_473' title='bbox 704 1077 729 1092; x_wconf 84' lang='lat' dir='ltr'>vel</span> <span class='ocrx_word' id='word_1_474' title='bbox 741 1077 757 1092; x_wconf 92' lang='lat' dir='ltr'>in</span> <span class='ocrx_word' id='word_1_475' title='bbox 768 1077 883 1098; x_wconf 85' lang='lat' dir='ltr'>corporalibus.</span> <span class='ocrx_word' id='word_1_476' title='bbox 895 1078 980 1099; x_wconf 82' lang='lat' dir='ltr'>Dionysius</span> 
     </span>
     <span class='ocr_line' id='line_1_82' title="bbox 604 1102 980 1121; baseline 0.005 -5"><span class='ocrx_word' id='word_1_477' title='bbox 604 1106 679 1121; x_wconf 76' lang='lat' dir='ltr'>nemque,</span> <span class='ocrx_word' id='word_1_478' title='bbox 689 1103 705 1116; x_wconf 87' lang='lat' dir='ltr'>et</span> <span class='ocrx_word' id='word_1_479' title='bbox 717 1106 785 1121; x_wconf 78' lang='lat' dir='ltr'>sequens</span> <span class='ocrx_word' id='word_1_480' title='bbox 797 1106 834 1117; x_wconf 88' lang='lat' dir='ltr'>eum</span> <span class='ocrx_word' id='word_1_481' title='bbox 846 1102 945 1121; x_wconf 79' lang='lat' dir='ltr'>Ambrosius,</span> <span class='ocrx_word' id='word_1_482' title='bbox 955 1108 980 1118; x_wconf 73' lang='lat' dir='ltr'>as-</span> 
     </span>
     <span class='ocr_line' id='line_1_83' title="bbox 604 1125 981 1147; baseline 0.005 -6"><span class='ocrx_word' id='word_1_483' title='bbox 604 1128 659 1141; x_wconf 81' lang='lat' dir='ltr'>serunt</span> <span class='ocrx_word' id='word_1_484' title='bbox 673 1125 716 1146; x_wconf 83' lang='lat' dir='ltr'>quod</span> <span class='ocrx_word' id='word_1_485' title='bbox 732 1125 758 1141; x_wconf 79' lang='lat' dir='ltr'>lux</span> <span class='ocrx_word' id='word_1_486' title='bbox 773 1126 789 1141; x_wconf 88' lang='lat' dir='ltr'>in</span> <span class='ocrx_word' id='word_1_487' title='bbox 803 1126 915 1147; x_wconf 82' lang='lat' dir='ltr'>spiritualibus</span> <span class='ocrx_word' id='word_1_488' title='bbox 930 1129 981 1143; x_wconf 87' lang='lat' dir='ltr'>meta-</span> 
     </span>
     <span class='ocr_line' id='line_1_84' title="bbox 604 1150 980 1172; baseline 0.005 -7"><span class='ocrx_word' id='word_1_489' title='bbox 604 1150 669 1171; x_wconf 81' lang='lat' dir='ltr'>phoriee</span> <span class='ocrx_word' id='word_1_490' title='bbox 677 1150 770 1165; x_wconf 67' lang='lat' dir='ltr'>dieituaAit</span> <span class='ocrx_word' id='word_1_491' title='bbox 778 1150 821 1166; x_wconf 77' lang='lat' dir='ltr'>onim</span> <span class='ocrx_word' id='word_1_492' title='bbox 830 1151 914 1172; x_wconf 84' lang='lat' dir='ltr'>Dionysius</span> <span class='ocrx_word' id='word_1_493' title='bbox 922 1154 980 1172; x_wconf 70' lang='lat' dir='ltr'>quarto</span> 
     </span>
     <span class='ocr_line' id='line_1_85' title="bbox 604 1174 979 1196; baseline 0.005 -6"><span class='ocrx_word' id='word_1_494' title='bbox 604 1174 674 1195; x_wconf 83' lang='lat' dir='ltr'>capitulo</span> <span class='ocrx_word' id='word_1_495' title='bbox 685 1175 705 1190; x_wconf 89' lang='lat' dir='ltr'>de</span> <span class='ocrx_word' id='word_1_496' title='bbox 716 1174 777 1190; x_wconf 87' lang='lat' dir='ltr'>Divinis</span> <span class='ocrx_word' id='word_1_497' title='bbox 788 1175 887 1194; x_wconf 87' lang='lat' dir='ltr'>nominibus,</span> <span class='ocrx_word' id='word_1_498' title='bbox 896 1176 938 1196; x_wconf 77' lang='lat' dir='ltr'>quod</span> <span class='ocrx_word' id='word_1_499' title='bbox 950 1176 979 1192; x_wconf 88' lang='lat' dir='ltr'>De-</span> 
     </span>
     <span class='ocr_line' id='line_1_86' title="bbox 604 1199 979 1220; baseline 0.003 -5"><span class='ocrx_word' id='word_1_500' title='bbox 604 1204 622 1215; x_wconf 86' lang='lat' dir='ltr'>us</span> <span class='ocrx_word' id='word_1_501' title='bbox 633 1199 692 1215; x_wconf 86' lang='lat' dir='ltr'>dicitur</span> <span class='ocrx_word' id='word_1_502' title='bbox 704 1199 731 1215; x_wconf 80' lang='lat' dir='ltr'>lux</span> <span class='ocrx_word' id='word_1_503' title='bbox 743 1204 762 1215; x_wconf 80' lang='lat' dir='ltr'>ex</span> <span class='ocrx_word' id='word_1_504' title='bbox 773 1204 792 1215; x_wconf 88' lang='lat' dir='ltr'>eo</span> <span class='ocrx_word' id='word_1_505' title='bbox 802 1200 844 1220; x_wconf 85' lang='lat' dir='ltr'>quod</span> <span class='ocrx_word' id='word_1_506' title='bbox 857 1200 873 1215; x_wconf 94' lang='lat' dir='ltr'>in</span> <span class='ocrx_word' id='word_1_507' title='bbox 886 1200 924 1216; x_wconf 84' lang='lat' dir='ltr'>solis</span> <span class='ocrx_word' id='word_1_508' title='bbox 934 1201 979 1217; x_wconf 86' lang='lat' dir='ltr'>radio</span> 
     </span>
     <span class='ocr_line' id='line_1_87' title="bbox 604 1224 979 1246; baseline 0.005 -7"><span class='ocrx_word' id='word_1_509' title='bbox 604 1226 668 1244; x_wconf 84' lang='lat' dir='ltr'>propter</span> <span class='ocrx_word' id='word_1_510' title='bbox 676 1224 726 1244; x_wconf 89' lang='lat' dir='ltr'>ipsius</span> <span class='ocrx_word' id='word_1_511' title='bbox 734 1224 924 1243; x_wconf 72' lang='lat' dir='ltr'>causalitatem,mnxime</span> <span class='ocrx_word' id='word_1_512' title='bbox 931 1230 979 1246; x_wconf 84' lang='lat' dir='ltr'>appa-</span> 
     </span>
     <span class='ocr_line' id='line_1_88' title="bbox 603 1248 978 1266; baseline 0.005 -2"><span class='ocrx_word' id='word_1_513' title='bbox 603 1250 627 1264; x_wconf 83' lang='lat' dir='ltr'>ret</span> <span class='ocrx_word' id='word_1_514' title='bbox 633 1248 691 1264; x_wconf 67' lang='lat' dir='ltr'>divine</span> <span class='ocrx_word' id='word_1_515' title='bbox 699 1248 774 1264; x_wconf 81' lang='lat' dir='ltr'>bonitatis</span> <span class='ocrx_word' id='word_1_516' title='bbox 782 1249 876 1265; x_wconf 84' lang='lat' dir='ltr'>similitudo.</span> <span class='ocrx_word' id='word_1_517' title='bbox 885 1249 904 1265; x_wconf 86' lang='lat' dir='ltr'>Et</span> <span class='ocrx_word' id='word_1_518' title='bbox 912 1250 978 1266; x_wconf 75' lang='lat' dir='ltr'>Ambro-</span> 
     </span>
     <span class='ocr_line' id='line_1_89' title="bbox 602 1272 978 1294; baseline 0.005 -6"><span class='ocrx_word' id='word_1_519' title='bbox 602 1273 635 1288; x_wconf 85' lang='lat' dir='ltr'>sius</span> <span class='ocrx_word' id='word_1_520' title='bbox 646 1273 662 1288; x_wconf 91' lang='lat' dir='ltr'>in</span> <span class='ocrx_word' id='word_1_521' title='bbox 674 1272 715 1288; x_wconf 87' lang='lat' dir='ltr'>libro</span> <span class='ocrx_word' id='word_1_522' title='bbox 726 1273 746 1288; x_wconf 92' lang='lat' dir='ltr'>de</span> <span class='ocrx_word' id='word_1_523' title='bbox 754 1273 797 1291; x_wconf 77' lang='lat' dir='ltr'>Fide,</span> <span class='ocrx_word' id='word_1_524' title='bbox 806 1273 847 1289; x_wconf 78' lang='lat' dir='ltr'>inter</span> <span class='ocrx_word' id='word_1_525' title='bbox 858 1278 877 1289; x_wconf 88' lang='lat' dir='ltr'>ea</span> <span class='ocrx_word' id='word_1_526' title='bbox 888 1278 923 1294; x_wconf 69' lang='lat' dir='ltr'>quie</span> <span class='ocrx_word' id='word_1_527' title='bbox 935 1276 978 1290; x_wconf 84' lang='lat' dir='ltr'>tran-</span> 
     </span>
     <span class='ocr_line' id='line_1_90' title="bbox 601 1297 977 1318; baseline 0.005 -5"><span class='ocrx_word' id='word_1_528' title='bbox 601 1297 682 1318; x_wconf 86' lang='lat' dir='ltr'>sumptive</span> <span class='ocrx_word' id='word_1_529' title='bbox 700 1298 720 1314; x_wconf 88' lang='lat' dir='ltr'>de</span> <span class='ocrx_word' id='word_1_530' title='bbox 737 1298 769 1314; x_wconf 85' lang='lat' dir='ltr'>Deo</span> <span class='ocrx_word' id='word_1_531' title='bbox 785 1298 867 1317; x_wconf 74' lang='lat' dir='ltr'>dicuntur,</span> <span class='ocrx_word' id='word_1_532' title='bbox 882 1302 977 1315; x_wconf 83' lang='lat' dir='ltr'>annumerat</span> 
     </span>
     <span class='ocr_line' id='line_1_91' title="bbox 600 1322 976 1344; baseline 0.005 -6"><span class='ocrx_word' id='word_1_533' title='bbox 600 1323 655 1338; x_wconf 86' lang='lat' dir='ltr'>lumen</span> <span class='ocrx_word' id='word_1_534' title='bbox 662 1324 709 1343; x_wconf 86' lang='lat' dir='ltr'>atque</span> <span class='ocrx_word' id='word_1_535' title='bbox 717 1322 824 1343; x_wconf 84' lang='lat' dir='ltr'>splendorem.</span> <span class='ocrx_word' id='word_1_536' title='bbox 831 1323 930 1344; x_wconf 76' lang='lat' dir='ltr'>Augustinus</span> <span class='ocrx_word' id='word_1_537' title='bbox 937 1328 976 1340; x_wconf 83' lang='lat' dir='ltr'>vero</span> 
     </span>
    </p>
   </div>
  </div>
 </body>
</html>
