1083 1563
134 1179 150 1190 1,.
154 1179 192 1192 rust

136 1298 140 1310 ι
144 1298 173 1310 rm
176 1302 191 1313 η,

125 1316 142 1327 15.

197 121 218 137 86

390 126 410 137 n}
421 126 483 137 turm
494 125 553 137 mum
564 125 582 136 m·
593 125 628 136 vnn!
638 125 669 137 ont.
680 129 700 132 —
711 125 745 136 Αιτ.
757 125 783 136 ain

198 171 246 187 gertr,
258 167 302 183 videt
314 172 331 183 se
344 168 360 183 in
373 172 390 184 se
402 168 419 183 in
432 167 476 183 omni
489 167 593 183 nobilitatcA
621 167 692 188 Insuper,
700 169 760 188 quanto
770 167 822 183 forma
831 167 938 183 denominans
948 166 978 182 ali-

199 196 236 207 cum
248 192 313 208 infinita
325 192 425 213 plenitudine
437 192 573 213 perfectissimum

198 221 243 236 esse3
251 216 321 237 adspicit
327 221 344 232 se
352 217 435 232 immensae
443 216 573 237 pulchritudinis,

198 241 281 257 irnruensae
294 241 382 262 sapientiae,
396 241 479 257 immensae
493 241 573 262 potentiae,

198 265 281 281 immensae
290 266 372 286 dignitatis
382 270 401 281 ac
410 265 499 281 sanctitatis
509 266 574 281 exsiste-

198 294 225 310 ης
239 290 305 310 inspicit
317 295 333 306 se
349 290 423 306 universa
438 292 490 306 creata
502 290 574 305 intermi-

198 314 247 330 nabili
257 314 354 331 exaltatione
364 315 480 330 transcendero.
489 314 541 333 Ouum
551 319 575 330 er-

197 343 218 359 go
225 339 279 355 omnia
287 339 317 355 ista
325 339 341 355 in
349 344 366 355 se
376 339 411 360 ipso
421 339 513 360 perspiciat,
521 343 574 354 noune

198 363 346 384 voluptuosissimo,
358 366 375 379 et
386 364 411 384 (ut
423 363 446 379 sic
459 363 522 383 loquar)
535 365 575 378 tem-

197 388 320 408 pestuosissimo
334 393 353 404 ac
368 388 504 409 impetuosissimo
517 387 575 408 gaudio

198 417 263 433 prorsus
271 412 354 431 exuberat,
361 414 409 433 atque
421 412 475 428 laetitia
486 412 544 428 mentis
553 412 575 427 in-

198 437 259 453 tensive
270 439 287 453 et
297 442 334 453 vere
347 437 426 453 immensa
438 437 516 453 redundat
526 439 574 457 atque

198 461 280 477 abundatl

218 486 300 504 Pruterea,
312 486 397 502 delectatio
407 486 494 502 voluntatis
505 490 524 501 ex
535 485 575 501 frui-

198 511 242 527 tione
249 510 298 527 amati
308 512 324 526 ct
334 511 435 531 possessione
444 510 482 526 boni
493 510 574 531 concupiti

198 535 236 551 oriri
245 537 319 551 consetur
326 540 330 555 ;
338 538 354 551 et
363 538 423 556 quanto
430 535 466 556 quis
474 535 535 556 aliquid
543 540 575 550 am-

199 560 242 580 plius
252 560 305 580 diligit
314 560 458 580 vehementiusque
468 559 574 580 concupiscit.

197 586 242 600 tanto
254 584 270 600 iu
283 584 327 600 illius
341 584 431 605 adeptioney
444 584 545 605 possessione
556 589 575 599 ac

198 609 275 625 fruitione
290 609 369 624 intensius
381 611 429 629 atque
444 609 530 624 sublimius
542 608 574 628 glo-

198 633 253 649 riatur.
266 633 308 649 Deus
319 635 374 649 autem
387 633 468 654 propriam
480 633 574 651 bonitatem,

198 662 249 678 quum
266 658 288 673 sit
305 657 390 676 immensa,
408 657 471 673 infinita
488 657 575 673 dilectione

198 684 245 698 amat*
254 682 316 701 Quanto
327 682 375 702 igitur
387 687 405 698 ea
416 682 504 703 perfectius
515 682 575 697 fruitur

198 709 214 722 et
227 707 291 727 plenius
304 707 374 727 possidet
386 711 426 725 eam,
437 708 482 722 tanto
493 707 575 727 copiosius

197 731 301 751 jucundatur.
316 731 367 749 Quum
384 731 433 751 igitur
447 731 494 749 Deus.
509 733 525 747 et
540 731 574 751 ipse

198 755 247 774 solus,
259 755 339 776 propriam
351 755 438 771 bonitatem
450 755 521 776 perfecte
532 760 575 771 com-

198 780 292 801 prehendat,
301 780 335 800 ipse
345 779 389 795 solus
398 784 417 795 ea
428 780 499 800 perfecte
509 780 574 798 fruitur,

198 807 214 820 et
224 804 359 825 sempiternaliter
371 805 442 825 possidet
452 809 487 820 earn
498 807 575 825 tanquam

198 829 229 845 sibi
244 829 403 845 consubstantialem
416 829 460 845 Unde
472 829 575 849 quemadmo-

198 854 237 869 dum
247 853 310 869 bonitas
321 854 356 874 ejus
367 853 446 869 immensa
456 855 485 872 est,
494 854 516 869 ita
524 856 540 869 et
548 854 574 869 be-

197 878 259 894 atitudo
271 880 287 894 et
297 878 382 894 delectatio
394 878 429 898 ejus
440 880 477 894 suut
488 878 575 898 quomodo-

199 903 238 918 libet
245 902 324 922 infinitae;
332 904 424 923 quantoque
432 902 514 918 infinitum
523 903 575 923 majus

197 929 222 943 est
236 927 280 943 omni
295 927 348 945 finito,
361 929 405 943 tanto
420 927 502 943 beatitudo
517 927 575 943 mentis

197 952 256 967 divinae
267 956 332 967 omnem
343 951 437 967 felicitatem
449 954 518 967 creatam
530 956 575 967 exce-

197 976 226 992 dit,
242 976 331 992 lueffabilis
346 976 400 997 itaque
417 978 433 992 et
447 976 575 996 inexcogitabilis

198 1003 213 1016 et
229 1000 397 1021 incomprehensibilis
412 1003 436 1016 est
450 1001 532 1016 beatitudo
547 1001 575 1016 Dei

198 1025 274 1041 sublimis
283 1027 299 1041 et
309 1025 391 1044 adorandiy
400 1029 464 1041 omnem
475 1029 540 1041 sensum
552 1025 574 1041 in-

600 192 645 212 quid,
662 192 732 207 vicinius
749 192 855 212 intimiusque
873 192 979 212 conjungitur

601 216 630 234 illi,
639 218 682 232 tanto
689 216 750 232 habeus
757 216 826 232 formam
834 216 884 235 illam,
891 216 979 237 perfectius

601 240 695 261 perhibetur
710 241 725 256 in
740 241 796 257 ordine
811 241 844 257 illo*
859 241 921 257 Idcirco
936 240 979 261 ignis

601 267 625 281 est
637 265 705 281 maxime
715 266 782 284 calidus,
790 266 865 286 quonium
875 265 919 281 calor
929 266 944 281 ei
955 267 981 281 est

602 290 678 309 intimus;
686 292 702 306 et
711 290 734 305 sol
746 294 811 310 quoque
822 290 871 306 simili
883 290 945 306 ratione
955 291 981 305 est

602 314 671 330 maxime
685 314 752 330 lucidus*
766 315 880 330 Verumtamen
892 314 935 335 ignis
947 319 979 330 nou

601 341 625 354 est
640 344 679 354 suus
694 339 742 357 calor,
756 343 786 354 nec
802 339 825 355 sol
842 344 881 355 suus
896 339 978 359 splendor.

602 363 618 379 Si
629 365 682 379 autem
694 363 735 383 iguis
746 366 788 379 esset
799 368 838 379 suus
848 364 897 382 calor,
905 364 929 379 sol
939 368 979 384 quo·

601 392 633 408 que
641 388 715 408 proprius
725 388 806 408 splendor,
815 388 852 409 quis
863 388 912 404 ferr-ct
922 392 978 404 eorum

602 412 670 428 calorem
681 414 728 433 atque
739 412 840 433 splendorem
847 414 853 428 t
860 413 921 433 Itaque,
929 418 980 433 quan-

602 439 618 453 to
630 437 712 453 beatitudo
723 437 773 452 menti
784 437 834 453 benun
846 437 919 453 intimius
930 439 946 453 et
957 437 980 453 in-

583 462 595 477 13
602 461 707 482 separabilius
724 462 814 482 copulatur,
830 464 874 478 tanto
892 462 980 483 perfectius

602 486 695 502 denominat
702 491 737 502 eam
745 488 761 502 et
767 486 856 502 feliciorem
864 486 979 507 etficitipsam.

602 510 653 529 Ouum
666 515 703 531 ergo
716 510 757 526 Deus
768 513 833 527 sanctus
844 515 862 527 ac
873 511 948 532 simplex.
960 511 982 527 sit

602 535 661 551 nedum
669 535 730 553 boatus,
737 536 764 551 sed
772 536 821 551 etiam
829 536 937 551 essentialiter
945 540 981 557 pro-

602 560 637 580 pria
647 559 734 578 beatitudo,
743 560 795 580 palam
805 560 848 581 quod
859 560 894 581 ipse
904 560 981 576 omnibus

602 584 654 600 modis
662 584 809 604 incomparabiliter
817 585 838 600 sit
846 584 908 603 heatus,
917 585 981 601 cunctis

603 608 668 627 beatior,
677 610 692 624 et
702 608 805 624 beatissimus
817 614 887 630 prorsus.
896 609 981 625 beatitudo

603 638 672 654 namque
684 635 708 649 est
720 634 791 654 operatio
801 634 863 654 optima
874 636 890 649 et
901 634 979 654 perfecta,

602 657 690 673 secundum
698 658 817 679 Philosophum.
825 658 877 677 Quum
887 663 925 679 orgo
935 658 979 674 solus

602 682 643 698 neus
658 684 723 703 propter
738 682 918 703 incomprehensibilem
932 688 978 699 suam

601 706 722 727 simplicitatem
732 707 752 723 sit
763 707 804 723 idem
813 708 856 728 quod
864 708 936 728 operatio
943 713 979 727 sua,

602 736 654 752 neque
664 731 727 747 dicatur
736 736 784 752 agens
795 737 823 748 sen
834 736 902 753 operans
913 735 980 753 propter

584 756 594 772 C
602 756 662 777 aliquid
674 761 683 772 a
695 761 712 772 se
725 757 819 772 distinctum
830 759 878 778 atquc
888 757 979 778 egrediens,

602 781 629 797 sed
646 781 688 797 sieut
702 786 766 797 omnem
783 782 891 798 actualitatem
909 782 980 803 comple—

602 807 655 825 ctens;
664 805 714 826 liquet
721 806 764 826 quod
775 806 819 822 solus
827 806 869 822 Deus
876 807 897 822 sit
904 806 980 822 substan-

602 830 661 845 tialiter
672 830 716 846 felix.
725 830 786 846 ldcirco
797 831 887 847 secundum
898 836 915 847 se
926 833 979 847 totum

603 854 658 870 beatus
670 857 694 870 est
708 856 755 875 atque
768 855 838 871 totaliter
850 855 899 876 felix3
913 861 942 872 nec
955 858 980 872 est

602 879 662 899 aliquid
673 879 689 895 in
697 883 717 895 eo
726 880 768 900 quod
779 884 810 895 uon
821 880 841 896 sit
853 880 980 896 interminabilis

602 906 618 919 et
628 904 802 924 incircumscriptibilis
814 907 830 920 et
842 904 980 925 incomprehensi-

603 928 640 944 bilis
652 928 739 947 beatitudo,
752 929 780 944 sed
794 929 874 950 quidquid
887 929 903 945 in
916 934 936 946 eo
948 932 979 949 est,

603 953 618 968 id
630 953 706 968 omnibus
721 953 772 969 modis
785 955 809 969 est
824 953 888 969 infinita
900 954 979 973 hilaritas,

603 977 683 993 illimitata
696 977 795 997 jncunditasy
808 978 882 999 voluptas
895 979 980 999 sempiter-

602 1006 628 1019 na,
636 1001 732 1017 aeternaliter
743 1001 795 1022 plena,
806 1002 934 1019 vicissitudinem
946 1008 979 1019 non

602 1026 693 1044 admittens,
706 1031 804 1045 mensuram,
817 1027 882 1043 modum
894 1032 913 1043 ac
925 1028 980 1044 termi-

198 1050 314 1066 aestimabiliter
322 1054 509 1070 superans‚omnemque
517 1050 594 1066 mentisD
603 1055 640 1066 num
658 1051 736 1066 nesciens.
753 1051 794 1067 nous
808 1051 852 1067 cnim
870 1052 945 1068 sublimis
962 1055 980 1068 et

198 1076 256 1090 creatae
263 1074 369 1094 capacitatem
377 1074 441 1090 infinite
449 1074 574 1094 transcendens;

199 1098 243 1114 omni
253 1100 307 1114 creato
319 1098 408 1114 intellectui
419 1098 507 1119 inexperta,
517 1101 533 1114 et
545 1099 574 1114 soli

199 1123 255 1139 divino
270 1122 359 1138 intellectui
374 1125 411 1138 nota
424 1127 428 1138 z
441 1123 462 1138 ita
476 1123 519 1143 quod
533 1123 576 1143 sicut

200 1147 318 1168 comparatione
326 1147 385 1163 divinae
393 1147 471 1165 essentiae,
479 1147 532 1163 omnis
541 1152 575 1163 cre-

199 1174 225 1188 ata
239 1174 296 1187 natura
310 1172 356 1192 quasi
374 1171 443 1187 nihilum
460 1174 543 1192 reputatur
559 1174 575 1188 et

199 1196 241 1212 sicut
252 1196 308 1216 inane3
316 1196 340 1211 sic
351 1196 469 1217 comportatione
480 1196 538 1212 divium
548 1196 575 1212 be-

199 1221 288 1239 atitudinis,
301 1220 354 1236 omnis
366 1222 418 1236 creata
431 1220 500 1236 felicitas
512 1221 576 1237 videtur

199 1245 244 1261 velut
256 1245 321 1261 tristitia
333 1247 348 1260 et
361 1247 437 1266 tauquam
450 1245 526 1261 defectus.
539 1246 575 1261 Pro-

198 1272 235 1290 pter
245 1269 288 1290 quod
299 1269 319 1285 ad
330 1269 431 1285 Timotheum
441 1269 464 1285 ait
474 1269 559 1290 Apostolus
571 1274 574 1285 :

199 1294 256 1310 Beatus
266 1296 282 1310 ct
292 1294 336 1310 solus
346 1296 408 1314 potens,
416 1294 449 1310 Rex
460 1299 514 1315 regum
522 1296 537 1310 et
546 1294 574 1311 Do-

199 1319 253 1336 minus
264 1318 388 1335 dominantium.

602 1075 702 1094 benedictus,
715 1075 846 1096 simplicissimus
858 1076 897 1092 finis
909 1079 938 1096 est,
951 1077 979 1093 ob*

601 1100 662 1120 jectum
672 1102 688 1115 et
697 1100 752 1120 gloria*
763 1100 791 1116 Cui
802 1100 845 1116 idem
856 1103 880 1117 est
890 1106 925 1117 esse
935 1102 979 1122 quod

603 1124 690 1145 perfectum
702 1129 742 1143 esse,
754 1125 796 1145 quod
808 1125 872 1141 beatum
883 1130 924 1144 esse,
935 1126 978 1147 quod

602 1148 669 1164 divitem
686 1153 721 1164 esse
737 1153 740 1164 τ
755 1149 832 1169 quoniam
847 1149 882 1169 ejus
900 1149 979 1170 perfectio

602 1175 626 1188 est
640 1177 669 1188 sun
683 1173 757 1192 essentia,
771 1174 806 1194 ejus
818 1178 883 1194 quoque
895 1174 979 1190 beatitudo

602 1199 626 1213 est
638 1202 666 1213 sua
678 1199 739 1216 natura,
752 1200 768 1213 et
780 1198 816 1218 ejus
827 1198 887 1214 divitiae
899 1200 937 1214 sunt
949 1203 979 1214 sua

602 1222 695 1237 substantia.

622 1247 639 1262 lu
650 1246 706 1262 horum
717 1247 857 1268 contemplatione,
866 1252 876 1263 o
883 1247 933 1263 frater
943 1247 978 1263 dul-

602 1270 672 1289 cissimey
681 1275 709 1286 nos
718 1271 821 1287 vehementer
830 1272 895 1292 gloriari
904 1274 977 1293 oportet;

602 1297 618 1311 et
630 1297 673 1311 tanto
684 1295 801 1314 vehementius,
814 1298 874 1317 quanto
886 1297 937 1312 Deum
950 1301 977 1313 no-

602 1322 652 1336 strum
664 1325 697 1341 prae
704 1320 779 1336 omnibus
790 1321 857 1341 diligere
868 1321 946 1337 debemus
954 1324 977 1338 to<
