1083 1563
213 112 243 128 ³8ss
531 116 551 128 nri
561 116 636 128 nanninus
646 116 672 128 nni

233 159 282 180 Reple
293 163 327 178 nos,
337 159 410 178 Domine,
418 159 472 175 {ructu
482 159 548 180 justitie
559 164 588 180 per
595 159 607 175 A
615 159 634 175 ad
644 159 740 175 destinatum
752 161 843 180 sequentes,
851 159 871 175 ad
881 159 955 175 bravium
967 164 996 175 sn-

138 187 191 201 mun.
198 190 205 200 ι,
212 184 266 200 Jesum
275 184 361 203 Christum,
370 186 387 200 ut
395 184 412 200 in
419 184 463 200 omni
475 184 535 199 fiducia
545 184 588 200 Chri·
615 189 668 205 pernas
676 184 763 200 vocationis
770 184 849 205 erigentes
855 184 917 200 animos
923 186 994 200 nostros.

139 203 156 214 ⁸⁰·
213 210 247 224 stus
259 209 372 229 magnificetur
384 209 400 225 in
415 213 481 229 corpore
495 210 549 225 nostro
560 213 588 229 per
635 209 691 224 Nostra
698 209 798 225 conversatio
808 209 824 224 in
835 209 880 225 coelis
891 213 955 229 semper
965 209 994 227 sit,
1003 213 1062 226 ρΛ-ιιρμ

213 233 262 249 vitam
273 235 289 249 et
299 233 367 249 obitum*
616 233 683 249 Domine
696 238 699 249 :
713 235 728 249 te
742 234 786 249 enim
800 233 898 249 Salvator-em
910 233 995 254 prastola-
1003 229 1042 240 ²⁰⁴⁹·

139 261 205 274 :mansa
233 258 282 274 Nobis
294 258 348 274 vivere
360 258 432 274 christus
444 258 470 276 sit,
482 260 497 274 et
512 258 552 274 mori
565 258 588 273 lu-
616 263 657 276 mur,
672 263 682 274 o
697 258 765 276 Christe,
780 258 808 279 qui
823 258 919 274 reformabis
932 263 995 279 corpus

213 285 287 301 erum,ut
294 283 404 299 desideremus
412 283 477 298 dissolvi
485 285 501 298 et
508 287 543 298 esse
551 287 587 298 cum
616 283 711 299 humilitatis
723 285 786 301 nostrae,
798 283 917 303 configuratum
928 283 995 304 corpori

214 307 246 326 illo,
255 308 383 328 contemplantes
394 309 410 323 te
421 308 476 323 Deum.
615 307 692 323 claritatis
703 310 738 323 tuse<

153 337 181 348 ma,
188 338 205 348 sn.
233 332 256 348 Da
263 332 315 350 nobis,
324 332 374 351 Pater,
383 337 414 348 non
422 332 475 348 solum
483 332 499 347 in
507 332 587 348 Christum
635 332 653 347 In
664 334 685 350 te.
698 332 771 350 nomine,
782 337 846 353 semper
856 332 966 353 gaudesrnns;
978 334 995 347 et
1007 337 1032 348 1011
1040 338 1065 349 ..,ι,

213 357 283 375 credere,
291 357 319 373 sed
327 361 374 373 omne
385 357 470 373 adversum
482 361 510 377 pro
521 361 540 372 eo
550 361 588 377 gau·
616 359 659 372 tanta
673 356 694 372 sit
707 359 761 372 nostra
776 356 858 374 modestia,
871 359 889 372 ut
903 357 995 373 innotescat
1003 354 1035 365 ⁵¹¹⁴*

213 382 268 397 dentes
278 383 295 397 et
304 382 416 402 {equanimiter
425 381 471 397 ferre.
616 381 678 397 cunetis
691 381 789 397 hominibus.
800 381 818 397 ln
827 383 843 397 te
854 381 906 397 Verbo
915 386 945 397 nos
955 386 996 397 con-

144 413 189 426 stan.
195 414 205 424 n
232 406 275 422 Nihil
283 410 312 427 per
319 406 438 422 contentionem
445 408 473 422 ant
480 406 544 421 inanem
555 406 588 426 glo·
616 406 690 424 sonante,
698 406 752 422 omnia
761 410 852 426 possumus.

212 430 252 446 riam
260 430 382 451 operemur,sed
391 435 419 451 per
427 430 534 446 humilitatem
542 435 588 450 supe-
636 431 666 446 Pax
677 433 709 449 lua,
718 430 765 448 Deus.
773 435 837 446 ornnem
848 435 913 446 sensnm
923 435 996 451 exsupe-
1004 436 1033 447 nni,
1040 437 1049 447 τ,

212 455 262 471 riores
272 455 318 471 nobis
328 455 397 471 invicem
407 455 508 471 arbitremur.
595 454 607 469 B
617 460 659 473 rans,
674 455 722 470 corda
736 457 752 470 et
767 455 881 475 intelligentias
895 457 958 471 nostras
974 455 997 470 sit

138 484 204 496 ltus-is.
232 480 261 498 Tu,
271 480 339 498 Christe,
349 484 399 500 quum
411 479 427 495 in
438 479 490 495 forma
499 479 526 495 Dei
537 484 586 498 esses,
616 484 680 500 semper
691 479 706 495 in
718 479 780 495 Christo
791 484 894 495 conservans.

213 509 266 520 veram
282 504 355 520 habendo
370 504 451 522 deitatem,
466 508 498 520 non
515 504 587 525 rapinam
635 504 742 524 Ouaecumque
756 508 799 522 vera,
815 504 879 525 pudica,
893 504 941 524 justa,
957 509 997 520 san-
1005 508 1061 521 1⁵²»,ss

212 529 298 545 arbitratus
310 533 327 544 es
339 533 374 544 esse
385 531 400 544 te
410 529 442 544 Deo
451 529 492 544 Patri
503 529 586 549 mqualem.
615 531 645 547 cta,
653 528 729 544 amabilia
741 529 840 549 cogitemus3
848 530 865 544 et
875 528 996 544 desideriorum

232 553 263 569 Sed
271 553 375 574 temetipsum
383 553 468 569 exinanisti
477 558 505 573 per
515 553 588 569 incarnfl-
615 555 706 569 nostrorum
722 553 833 573 impletionem
848 553 937 569 seeundum
952 553 998 569 divi-

211 578 278 596 tionem,
290 578 357 593 sormam
370 578 412 593 servi
422 577 503 598 accipiens
514 577 530 593 in
543 577 587 593 sirni-
615 578 645 593 tias
656 580 691 593 tuas
701 578 717 593 in
727 578 783 598 gloria,
796 582 805 593 a
819 580 840 596 te,
854 577 926 596 Domine,
939 578 996 599 impe-

212 602 297 618 litudinem
314 602 414 622 naturalem;
429 602 517 618 humiliasti
532 604 587 618 temet·
615 605 680 618 tremus*

212 627 271 647 ipsum,
286 626 338 642 {actus
352 626 429 642 obediens
441 631 492 647 usque
504 627 523 642 ad
536 627 587 642 cruci·
635 627 754 648 Sempiternum
769 627 862 648 imperium,
874 627 927 643 omnis
941 627 997 647 gloria

211 651 295 667 fixionem.
615 654 663 672 atque
673 651 742 667 felicitas
754 651 789 670 tibi,
800 652 845 667 Pater
857 654 874 667 et
885 651 914 667 Fili
926 656 945 667 ac
958 652 997 672 Spi-

231 676 272 692 Hino
280 676 321 692 Deus
329 678 344 691 te
352 676 433 694 exaltavit,
441 676 481 691 dans
488 676 518 691 tibi
528 681 587 692 nornen
615 677 655 692 ritus
662 676 725 694 Sancte,
733 676 802 697 simplex
810 676 951 695 Deus,inersabi1is
960 676 997 692 Tri—

211 700 254 721 qnod
262 702 342 721 estsuper
349 704 396 716 omne
404 705 468 718 nomen,
473 702 490 715 ut
498 700 514 716 in
522 700 587 716 nornine
615 701 661 717 nitas.
670 701 725 716 Arnen.

211 727 239 740 tuo
246 729 294 741 omne
304 725 399 743 ccelestium,
407 725 507 740 terrestrium
518 724 587 740 inferna-

211 749 284 770 liumque
295 754 336 770 genu
349 749 430 768 flectatur,
440 751 456 765 et
468 749 520 765 omnis
533 749 586 770 lingua
595 750 606 766 C
651 752 696 767 Lam
703 752 735 767 Dei
741 757 762 767 ez
769 752 822 767 Pauli
828 752 850 767 ad
857 752 955 767 Colossenser

211 776 227 790 te
233 774 288 790 Jesum
298 774 379 790 Christum
388 774 403 790 in
412 773 439 790 Dei
450 774 499 790 Patris
509 778 545 790 esse
554 774 587 794 glo-
766 777 840 796 epistola.

211 799 234 814 ria
245 798 318 815 fateatur.

231 823 253 839 Da
263 823 310 839 nobis
322 827 360 839 eum
370 825 420 841 metu,
431 823 489 839 timore
498 825 546 843 atque
558 825 587 839 tre-
634 824 681 839 lnrns
695 828 730 842 nos,
742 824 815 842 Domine,
828 824 909 844 agnitione
919 824 997 840 volunta·
1011 829 1066 841 cuv-,t

211 852 255 864 more
266 850 336 863 nostram
348 848 410 868 operari
421 848 488 863 salutem
500 852 504 863 z
514 849 531 863 tu
543 848 587 863 enim
614 848 634 864 tis
649 850 686 867 tuas,
699 848 715 864 in
727 848 771 864 omni
786 848 865 869 sapientia
878 850 894 864 et
909 848 996 864 intellectu
1003 846 1032 856 *¹³*

210 877 233 891 es,
246 872 319 890 Domine,
333 872 360 893 qui
372 872 444 893 operaris
456 872 472 888 in
484 872 531 888 nobis
545 872 587 888 velle
615 872 701 893 spirituali,
710 874 727 888 ut
738 873 787 893 digne
794 874 810 888 te
817 872 924 891 ambulemus,
933 873 949 888 in
957 878 995 889 om-

210 899 226 913 et
234 897 319 918 perlicere,
328 901 356 917 per
363 899 407 912 tuam
416 897 474 912 bonam
482 896 586 912 voluntatem.
615 897 631 913 ni
644 897 703 913 virtute
715 897 782 915 firmati,
793 899 882 913 crescentes
894 897 910 913 in
923 898 996 913 seientia

231 921 288 938 Omnis
302 921 337 937 sine
355 921 482 937 murmuratione
496 923 513 937 et
526 921 587 937 haesin-
615 921 649 937 Dei.

210 946 253 962 tione
261 951 332 967 agamus,
340 948 358 961 ut
366 946 401 962 sine
408 946 473 966 querela
481 948 497 962 et
504 946 587 966 simplices
635 946 695 962 Gratias
703 946 738 964 tibi,
744 946 829 967 Pater,qui
836 946 893 967 dignos
900 951 929 962 nos
939 946 995 963 Fecisti

210 971 241 986 lilii
256 971 291 989 Dei,
304 971 346 986 Deus
360 970 467 991 omnipotens,
479 970 538 991 jugiter
550 975 587 986 eun-
615 971 631 986 in
644 972 705 991 partem
721 971 768 986 sortis
781 971 875 987 Sanctorum
889 971 905 986 in
918 971 995 991 lumine;

210 995 290 1011 sistamus.
614 995 642 1015 qui
657 995 731 1015 eripuisti
746 1000 775 1011 nos
790 995 810 1011 de
825 997 903 1016 potestate
918 996 995 1011 tenebra-

230 1020 248 1035 1n
256 1019 310 1035 medio
317 1019 385 1035 nationis
394 1024 478 1040 perversae,
486 1019 511 1035 fac
519 1024 548 1035 nos
556 1019 587 1035 vel-
615 1024 657 1037 rum,
665 1019 763 1035 transferens
771 1024 800 1035 nos
808 1020 824 1035 in
832 1024 899 1040 regnum
908 1020 945 1035 Filii
953 1020 995 1036 dile-

211 1046 228 1060 nt
236 1044 327 1062 luminaria,
336 1046 390 1060 sancte
398 1044 472 1062 vivendo,
481 1044 540 1060 [unere.
594 1044 607 1060 D
615 1044 672 1060 ationis
684 1046 720 1060 tum,

141 1078 203 1091 mmuh-,¹
230 1069 268 1087 Qnae
275 1068 322 1084 nobis
329 1069 395 1084 luerunt
405 1069 473 1084 inaniter
483 1068 532 1087 luera,
541 1073 587 1089 repu-
634 1069 663 1087 Qni
678 1070 703 1084 est
716 1069 769 1089 imago
781 1071 808 1084 tua
823 1069 916 1087 invisibilis,
928 1071 995 1085 natura·
1003 1075 1063 1086 ntum

137 1094 148 1105 ¹⁴
211 1095 263 1109 temus
271 1095 337 1114 propter
345 1095 365 1111 te,
373 1093 441 1111 Christe,
449 1095 467 1108 ut
474 1093 573 1109 detrimenta.
615 1093 640 1111 lis,
657 1093 738 1113 perfect-aJ
754 1093 871 1114 primogenitus
889 1094 944 1109 omnis
959 1099 996 1110 cre<

231 1118 250 1133 Et
258 1120 323 1138 propter
333 1118 431 1133 eminentem
440 1119 487 1136 tuam,
496 1122 505 1133 o
515 1118 544 1133 Fili
553 1118 586 1137 Dei,
614 1120 664 1134 atnrae
675 1122 678 1133 :
688 1122 717 1138 per
728 1122 775 1138 quem
788 1120 804 1133 et
817 1118 833 1133 in
844 1122 876 1138 quo
888 1120 942 1134 creata
955 1121 996 1134 sunt

211 1142 300 1160 scientiam,
309 1144 327 1157 nt
335 1144 349 1158 te
358 1142 483 1160 lucrifaciamus,
491 1142 546 1158 omnia
553 1142 586 1158 liaee
614 1142 672 1157 omnin⁴

210 1169 273 1183 terrena
281 1169 296 1182 et
304 1171 344 1182 vana
353 1169 369 1182 ut
380 1168 449 1182 stercora
459 1169 585 1185 contemnamus,
634 1167 662 1185 Tu,
671 1166 738 1185 Christe,
747 1171 764 1182 es
772 1169 819 1187 capul
829 1167 901 1187 corporis
909 1167 996 1186 Ecelesioe.
1004 1173 1064 1184 numiam.

210 1191 272 1212 tibique
280 1196 317 1207 eum
325 1191 369 1207 Patre
377 1193 393 1207 et
400 1191 461 1211 Spiritu
469 1191 531 1209 Sancto,
537 1191 586 1207 hono-
615 1191 630 1206 in
642 1191 719 1207 omnibus
730 1191 817 1211 primatum
828 1193 884 1207 tenens
896 1194 978 1212 perpetue
991 1197 996 1208 :

210 1220 244 1231 rem
257 1220 321 1236 semper
330 1217 346 1231 et
354 1215 421 1236 gloriam
434 1215 516 1231 humiliter
526 1216 586 1236 impen-
613 1215 652 1236 quia
662 1215 678 1231 in
689 1217 703 1231 te
714 1216 811 1236 complacuit
819 1216 859 1231 Patri
867 1220 932 1232 omnem
941 1216 996 1237 pleni-

211 1240 272 1256 damus.
281 1240 337 1256 Amen.
613 1240 686 1255 tudinem
702 1240 797 1259 inhabitare,
809 1242 857 1261 alque
869 1245 898 1261 per
909 1242 925 1256 te
937 1242 997 1257 omnia

614 1264 723 1280 reconciliare.

136 1297 202 1311 numu,
230 1290 258 1308 Da,
270 1290 312 1305 Dens
325 1289 405 1308 sublimis,
417 1291 435 1305 ut
447 1294 482 1310 quie
495 1291 537 1306 retro
548 1292 586 1306 sunt
634 1289 662 1305 rer
672 1290 740 1305 mortem
751 1290 800 1307 tuam,
808 1289 884 1307 Salvator,
892 1289 954 1306 exhibe
964 1295 996 1307 nos
1004 1295 1064 1307 mnesa-

209 1315 261 1334 obliti,
269 1314 289 1330 ad
296 1314 376 1330 anteriora
382 1314 487 1330 extendamus
497 1319 526 1330 nos
536 1315 585 1335 ipsos,
614 1316 678 1330 sanctos
685 1315 700 1329 et
708 1313 858 1334 irreprehensibiles
866 1318 920 1330 coram
928 1316 951 1334 te,
957 1315 997 1332 fun-
