1083 1563
200 118 221 135 98
393 124 412 135 n!
422 123 485 136 flamm
496 124 556 135 annm
566 123 585 135 ιτ
595 123 631 135 Vim
641 124 671 135 nm.
683 128 702 131 —
713 124 748 135 Λιιτ.
759 124 790 135 ιΧιῐ

202 170 244 181 mam
258 168 327 182 creatam
338 166 437 187 hypostasim
449 166 514 182 infinita
525 166 596 182 exstatA
604 166 671 187 adeptus
685 168 714 185 est,
728 171 780 187 neque
795 166 902 182 esseminliter
915 166 982 186 sapiens

201 190 281 206 distantis.
292 191 358 209 Rursus,
368 191 382 206 si
392 191 433 207 Deus
443 191 474 207 snb
484 191 539 207 ordine
549 196 576 207 en-

201 215 242 230 tium
257 215 353 234 continetur,
366 215 409 236 quod
421 215 484 236 opinari
496 215 575 231 nefarium

201 244 242 258 reor,
254 241 294 255 tunc
308 240 338 255 erit
350 240 414 255 entibus
427 240 534 258 coordinatus,
547 244 576 255 nec

201 263 265 280 infinite
274 264 340 280 distabit
349 264 369 280 ab
377 264 405 280 eis.

220 288 276 304 Adhuc
291 291 350 307 autem,
363 289 406 309 quod
421 289 438 304 in
452 289 576 309 praedicnmento

200 312 262 328 locatur
271 315 289 329 ut
298 313 366 334 speeies,
374 318 425 334 genus
435 313 577 334 differentiamque

200 337 274 357 sortitur-3
282 339 298 353 et
305 338 318 353 si
326 338 372 358 quasi
380 338 482 353 individuum
490 338 577 354 collocetur

200 361 216 377 in
227 361 261 380 illo,
269 364 308 377 tunc
319 362 387 378 mediate
398 367 426 378 seu
436 362 518 378 reductive
526 367 576 382 genus

200 391 218 402 ne
226 386 335 402 differentiam
344 386 392 402 habet
401 391 404 402 :
413 387 496 402 individua
506 391 576 407 namque

200 411 299 427 reducuntur
313 411 333 427 ad
348 411 424 432 speciem.
440 411 484 430 Quod
499 416 537 427 vero
550 415 576 431 ge-

199 440 230 451 nus
245 437 261 451 et
276 435 385 451 differentiam
400 436 453 454 habet,
466 436 496 451 snb
512 436 576 451 demon-

603 192 637 210 est3
647 191 697 206 Deum
707 192 761 206 autem
771 191 861 211 sapientem
871 190 981 209 nominamus,

604 215 649 235 quasi
664 215 790 231 substantialiter
803 215 898 235 sapientem.
914 215 982 230 Verum—

604 241 663 258 tamen,
673 239 761 255 secundum
773 239 857 258 Thomam,
867 239 898 255 ista
910 243 946 260 quae
960 239 981 255 de

604 264 636 280 Deo
650 266 666 280 et
680 264 758 280 creaturis
773 264 854 283 dicuntur,
867 268 900 279 non
916 263 982 284 penitus

604 288 685 309 aequivoce
700 289 727 304 sed
742 288 824 309 analogice
839 288 948 309 praedicantur
962 288 983 304 de

604 313 633 328 eis.
643 313 696 329 Primo
707 313 751 329 enirn
760 315 809 334 atque
820 312 891 333 perfecte
901 313 934 328 Deo
944 317 982 328 con-

605 338 672 353 veniunt
687 338 771 358 praedicata
786 337 913 358 perfectionaiia,
928 339 944 353 et
959 342 983 353 se-

605 362 681 378 cundario
691 362 739 378 rebus
749 362 811 378 creetis.

624 387 710 405 Postremo,
719 386 784 402 nomina
795 386 815 402 de
826 386 858 402 Dee
869 386 917 405 dicta,
925 391 983 407 qnam-

604 411 629 426 vis
641 411 704 427 realiter
715 411 758 427 idem
770 411 869 431 significent,
882 416 914 427 non
927 413 982 426 tamen

604 437 642 451 sunt
652 436 745 451 aestimanda
756 435 790 451 fure
801 440 896 456 synonyma,
904 436 981 456 quoniam

200 460 276 476 stratione
288 460 415 481 definitioneque
426 460 469 476 cadit
481 465 484 476 :
496 465 527 476 non
538 465 577 480 ergo
584 459 596 475 B
604 460 693 476 secuudum
704 460 787 476 distinctus
798 460 868 476 rationes
878 464 897 476 ac
908 460 981 481 proprie-

200 484 365 505 incomprehensibile
377 486 406 500 est.
418 485 448 500 Sed
460 489 512 505 neque
523 485 577 500 infini-

200 510 234 525 tum
247 513 251 525 :
265 513 302 525 nam
315 509 394 528 definitio,
406 509 495 525 secundum
508 509 577 525 Philoso-

200 534 255 554 phum,
261 534 340 549 terminus
347 534 442 555 appellatur,
447 538 466 550 eo
473 534 515 555 quod
524 536 576 555 partes

199 558 241 578 ejus,
249 558 325 574 videlicet
335 563 385 579 genus
393 560 409 574 et
418 558 515 577 differentia,
523 560 574 574 totum

199 587 234 598 esse
242 583 306 598 definiti
314 583 458 604 comprehendunt,
466 585 482 599 el
491 583 536 604 quasi
544 583 575 599 sub

199 607 247 623 certis
257 607 336 623 limitibus
347 609 408 628 ponunt
420 612 438 623 ec
448 607 513 623 finiunt,
522 607 575 626 Quum

199 636 237 652 ergo
250 632 271 647 sit
283 632 325 647 Deus
340 632 487 648 indemonstrabilis
501 634 517 648 et
532 632 575 648 inde-

199 656 273 675 finibilis,
287 656 362 672 infinitus
374 658 390 672 et
402 656 575 677 incomprehensibilis,

199 681 250 701 liquet
262 681 305 701 quod
319 681 359 697 rntio
373 681 437 701 generis
452 683 468 697 et
479 681 575 697 differ-entim

198 707 214 721 et
229 705 282 721 omnis
297 705 417 726 praedicamenti
431 705 462 721 sibi
477 706 538 721 directe
552 710 575 721 re-

198 732 263 751 pugnat.
275 730 320 748 Quod
332 730 380 746 etium
392 730 473 746 Avicenua
484 732 500 746 et
511 730 574 750 Algam!

604 487 643 500 tates
652 485 725 500 divinum
735 489 770 501 esse
779 485 869 505 designent.

697 551 820 567 ARTICULUS
832 551 885 567 LXII.

603 586 627 601 De
633 586 685 601 variis
690 591 726 601 nom
729 586 784 601 initus
788 586 825 604 Dei,
829 591 866 606 quoe
871 586 981 602 diversimode

718 608 750 623 sibi
759 609 864 623 conveniunt.

638 657 709 676 ENIQUE
719 659 781 673 constat
791 662 811 673 ex
821 657 875 677 dictis,
882 658 926 678 quod
936 663 979 679 quaa-

645 682 681 698 dam
689 682 754 698 nomine
761 682 793 698 Deo
801 682 866 703 proprie
874 684 978 703 competunt:

602 706 665 722 seilicet
674 711 710 727 qum
721 706 836 727 perfectionem
848 706 945 727 simpliciter
956 707 980 723 di-

602 734 644 747 ctam
657 731 749 752 importent,
761 733 778 747 ut
789 731 860 752 sapiens,
871 731 931 751 justus,
943 736 979 747 sun—

198 755 258 773 dicunt,
266 754 338 775 primum
349 754 446 775 principium
458 759 493 770 esse
504 757 549 770 extra
559 757 575 770 et
582 755 593 772 C
602 758 642 772 ctus.
661 756 735 774 Ouaedam
752 760 790 771 vero
810 756 928 777 transumptive
945 756 979 772 Deo

198 784 247 800 supra
256 784 304 795 omne
315 784 365 800 genus
376 781 392 795 et
403 779 481 795 ordinem.
490 779 509 795 Et
518 779 575 800 Diony-

198 804 232 820 sius
244 809 285 825 pene
296 809 360 825 semper
369 804 420 820 Deum
430 804 575 825 supersubstantia-

198 829 230 844 lem
238 830 254 844 et
261 828 411 849 superessentialem
419 829 494 849 appellnt.

219 853 296 874 Denique,
311 853 331 869 de
345 853 377 869 Dec
394 855 441 874 etque
458 853 516 869 creatis
533 853 573 869 nihil

198 878 266 894 univoce
283 878 346 894 dicitur.
361 878 399 897 Qum
416 878 459 894 enirn
476 878 496 894 de
511 878 543 894 Deo
557 880 574 894 et

197 903 274 918 creaturis
282 903 420 923 prmdicuntur‚itu
427 907 444 918 se
452 902 512 918 habent
518 907 574 923 quem-

197 927 284 943 admodum
293 932 312 943 ea
322 932 357 948 quae
367 927 387 943 de
397 932 446 943 causa
453 929 469 943 ot
476 931 505 943 suo
513 927 573 943 effectu

196 952 277 968 dicuntur.
293 952 318 968 Nil
333 957 371 968 vero
385 952 405 968 de
419 957 467 968 causa
483 954 499 968 et
513 952 573 968 effectu

197 977 292 998 praedic-nur
300 977 374 995 univoce,
382 977 413 993 nisi
423 977 492 992 effectus
501 977 574 997 adaequet

196 1002 273 1017 virtutem
286 1006 319 1017 sum
331 1006 388 1020 cauete,
400 1001 416 1017 id
428 1003 457 1020 est,
470 1001 525 1017 virtuti
538 1001 573 1022 ejus

196 1026 257 1042 causali
264 1026 335 1047 perfecte
343 1026 466 1046 correspondeat
474 1030 477 1041 τ
486 1026 527 1041 sicut
534 1026 573 1041 dum

602 780 700 797 conveniunt
708 785 712 796 ι
720 785 739 796 ea
746 780 822 796 videlicet
828 785 864 801 qum
873 780 935 801 aliquid
946 785 978 796 ma-

602 805 678 821 terialiter
685 806 702 820 et
709 809 746 820 cum
756 805 803 820 modo
814 804 941 825 imperfectionis
949 805 978 821 im-

602 831 670 850 portent,
686 830 704 844 ut
721 829 767 849 lapis,
782 829 825 848 vitis,
840 833 895 850 agnus*
911 829 977 848 lterum,

602 854 674 875 quiedam
692 853 757 869 nomine
776 854 808 869 Deo
827 854 925 869 conveniunt
943 854 978 870 sine

602 880 675 899 respectu
686 878 706 894 ad
717 880 769 894 creata
781 882 784 894 :
796 880 814 894 ut
823 883 861 899 qum
871 878 943 894 divinam
954 883 978 894 es-

602 903 669 919 sentium
684 902 776 923 significant
791 907 822 918 nen
837 903 939 919 cunnotando
952 903 979 919 ha-

602 927 691 943 bitudinem
707 927 726 943 ed
743 927 826 946 effectum,
841 928 977 948 quemadmodum

602 952 668 970 honum,
685 956 719 970 ens,
734 952 772 970 vita,
790 951 887 968 intellectus.
903 952 978 971 Quaedam

602 981 639 993 vero
649 976 721 992 divinam
731 976 818 992 essentiam
829 976 940 997 principaliter
951 977 979 993 de-

601 1001 669 1022 signant,
677 1003 731 1017 temen
739 1002 826 1016 connotant
833 1001 910 1017 effectum
921 1001 937 1017 in
945 1006 978 1017 cre—

601 1028 646 1042 atura
657 1030 661 1041 z
674 1026 699 1041 vel
712 1025 729 1041 in
739 1027 782 1044 actu,
796 1025 838 1041 sicnt
849 1025 919 1045 Creator,
931 1026 978 1047 justi-

196 1051 245 1067 homo
251 1053 318 1071 generat
324 1051 413 1069 hominem,
421 1052 437 1066 et
444 1050 487 1066 calor
497 1050 572 1066 calorem.
581 1051 593 1067 D
601 1051 663 1069 ficator,
671 1051 759 1070 Dominus;
767 1052 783 1066 et
794 1050 825 1066 ista
834 1055 853 1066 ex
865 1052 937 1072 tempure
944 1051 977 1067 Deo

195 1076 243 1092 Nulln
255 1077 309 1091 autem
322 1077 394 1091 ereatura
406 1075 481 1091 virtutem
493 1075 572 1091 cnusalem

196 1100 275 1117 creatoris
289 1100 368 1121 adaequat,
381 1100 409 1115 sed
424 1099 440 1115 in
455 1100 538 1115 inlinitum
552 1100 573 1116 ab

195 1130 215 1141 eo
225 1125 308 1141 occumbit
316 1129 335 1140 ae
346 1124 407 1140 deficit.
416 1124 450 1140 Nun
461 1129 499 1145 ergo
508 1124 528 1140 de
538 1124 574 1140 Cre-

196 1152 240 1166 utore
247 1152 263 1166 et
271 1149 348 1166 creaturis
356 1149 417 1170 aliquid
426 1149 493 1165 univoce
501 1149 560 1165 dieitur
568 1154 572 1165 :

196 1174 285 1196 prasertim
297 1179 348 1195 quum
363 1179 393 1190 uec
406 1179 464 1195 genere
477 1179 506 1190 nec
518 1174 572 1195 specie

196 1199 298 1218 conveniant,
312 1199 340 1215 sed
352 1199 416 1215 infinite
429 1199 493 1219 penitus
507 1199 571 1214 distent.

196 1224 240 1240 Unde
254 1224 293 1240 dum
308 1224 377 1240 dicimus
390 1224 440 1239 Deum
455 1223 544 1244 sapientem
556 1225 573 1239 et

194 1249 263 1269 justum,
276 1250 292 1264 et
306 1249 345 1264 dum
359 1248 442 1264 hominem
454 1252 518 1268 quoque
530 1248 572 1268 sapi-

195 1276 249 1290 entem
259 1275 275 1289 et
283 1273 345 1294 justum
356 1273 449 1291 asserimus,
457 1277 489 1288 non
500 1274 525 1289 est
535 1273 572 1288 uni-

195 1303 235 1315 voca
242 1298 288 1314 ratio.
296 1298 380 1314 Hominem
391 1297 434 1313 enim
445 1297 534 1318 sapientem
544 1302 572 1314 vo—

195 1328 256 1342 camus,
269 1325 345 1344 tanquam
360 1322 388 1343 qui
400 1322 494 1343 sapientiam
506 1322 571 1338 aliunde

600 1075 703 1092 conveniunt.
716 1075 744 1091 Vel
757 1075 774 1091 in
789 1075 851 1094 habitu,
864 1077 882 1091 ut
893 1075 947 1096 justus
961 1078 978 1092 et

600 1100 702 1120 misericors3
715 1100 740 1116 vel
753 1100 769 1115 in
782 1100 858 1120 potentin,
871 1100 913 1116 sicut
925 1101 977 1116 omni-

601 1127 657 1146 potens
669 1129 672 1140 :
685 1127 701 1141 et
711 1125 747 1143 istu,
758 1124 796 1145 quia
807 1129 838 1140 non
850 1127 978 1146 praesnpponnnt

601 1150 677 1166 effectum
694 1149 711 1165 iu
725 1151 768 1168 actu,
783 1149 879 1165 internaliter
894 1150 926 1166 Deo
940 1154 978 1166 con-

601 1174 672 1190 veniunt.
686 1174 758 1195 insuper,
769 1174 835 1190 nomina
847 1179 883 1195 qum
895 1174 927 1191 Deo
939 1179 978 1191 con-

600 1199 668 1215 veniunt
680 1203 709 1220 per
723 1200 814 1219 respectum
828 1199 848 1214 ad
860 1201 946 1219 creaturas,
961 1202 978 1216 et

600 1225 720 1244 consequuntur
727 1223 806 1239 actionem
815 1223 906 1240 intellectus
913 1229 942 1240 seu
949 1229 978 1240 vu-

600 1248 665 1264 luntatis
676 1248 704 1264 Dei
715 1252 747 1264 non
757 1249 873 1267 transeuntem,
881 1249 909 1264 sed
921 1249 977 1265 imma<

599 1275 670 1291 nentem,
679 1273 721 1289 sicut
730 1274 754 1288 est
764 1273 810 1291 scire,
819 1277 878 1292 amare,
886 1273 906 1289 ab
915 1275 976 1290 aterno

599 1298 697 1314 conveniunt
703 1298 735 1314 Deo
742 1302 745 1314 τ
754 1298 795 1314 sicut
803 1298 929 1319 praedestinator.
935 1304 975 1320 pm-

599 1323 676 1344 eogniwr,
685 1323 790 1344 providentie,
796 1323 837 1339 idea.
