1083 1563
168 125 282 138 canamantm
293 125 308 137 ΙΝ
318 125 375 137 onoma
386 126 408 137 ΔΙ)
418 125 460 137 mim!
470 125 582 137 missionum
592 125 692 137 ἸἮΜὶιῢίῖΙΙὲΛΔ
700 130 721 133 —
728 125 763 137 aar*
771 125 802 137 ΠΗ

846 121 874 137 ⁴9¹

95 169 149 187 sentit,
163 168 199 184 ideo
210 168 225 184 ei
237 168 331 184 attribuitur
344 168 516 184 etiamvactualisAet
527 168 579 188 quoad
592 168 622 184 ltoc
636 168 724 189 opponitur
735 168 750 184 ei
763 168 819 184 tomos*
832 168 876 184 Licet

95 193 162 209 infectio
178 193 224 214 quasi
241 192 350 211 materialiter,
367 197 399 208 non
418 194 471 208 antem

94 218 183 238 originalis,
196 218 235 238 quia
249 222 280 233 nou
293 219 318 233 est
332 217 430 238 principium
445 222 472 233 na>

93 242 151 258 turalis
171 242 268 263 propaginis.
288 242 415 263 Augmentativae
434 246 472 258 vero

94 267 138 283 nulla
149 267 216 283 iniectio
225 267 305 283 convenit*

189 338 312 354 ARTICULUS
324 338 375 353 CXII.

94 373 170 390 Qualiter
178 377 209 392 per
217 373 320 392 Baptismum
328 373 410 392 ariqinale
417 377 471 391 pecca-

114 397 150 410 tum
158 396 238 412 tollatur-7*
243 397 258 410 et
265 395 285 410 de
291 399 339 414 poemz
346 400 383 414 quoe
391 396 471 411 remanet:

112 420 127 432 et
136 418 215 437 quomodo
223 418 274 436 fomes
279 418 297 432 t'n
303 422 335 432 uno
343 417 396 436 major
403 417 471 432 exsistat

112 445 164 460 quam
172 440 190 455 r'n
197 440 255 455 altero.

128 489 141 504 E
149 489 244 504 remissione
251 490 305 504 autem
313 488 395 508 originalis
404 488 470 509 peccati,

135 513 278 535 proportionaliter
293 513 337 533 loqui
352 514 415 533 oportet
429 513 471 528 sicut

92 539 111 554 de
120 538 216 554 remissione
224 538 291 554 actualis
299 538 365 558 peceati<
374 538 423 553 Actus
434 542 471 553 vero

93 563 155 584 peccati
171 563 203 579 duo
217 562 284 578 inducit*
298 562 337 578 Nam
352 562 413 578 ratione
427 567 471 578 aver«

92 588 143 604 sionis
154 592 163 603 a
175 588 212 605 Deo,
224 587 276 603 aufert
285 587 352 607 gratiam
359 591 363 606 ;
371 587 432 602 ratione
443 591 470 602 au-

92 615 124 628 tem
133 612 243 628 conversionis
254 611 273 627 ad
283 612 348 630 caduca,
357 611 376 627 iit
386 611 471 632 dispositio

92 637 107 652 in
116 638 194 658 peccante
202 636 221 651 ad
230 636 283 652 simile
292 636 356 651 malum⁴
366 636 384 651 Et
393 636 470 656 quoniam

90 663 149 682 sponte
160 661 211 681 gratia
223 660 300 681 privatur,
311 660 354 680 juste
366 662 427 676 reatum
437 665 471 681 poe-

91 691 115 702 nae
127 685 201 701 incurrit*
212 685 253 700 Dum
265 689 303 700 vero
313 685 364 705 gratia
374 685 469 703 restituitur,

91 712 129 726 tunc
138 710 188 726 simul
197 709 259 725 macula
267 709 373 730 tonitui-‚quae
382 709 398 725 ia
406 709 469 725 deiectu

89 735 145 755 gratim.
158 736 188 752 est,
202 736 217 750 et
229 734 305 754 obligatio
319 734 338 749 ad
352 738 421 754 poenam,
434 739 470 755 qum

499 197 537 213 ergo
549 197 581 208 non
596 193 671 208 reddatur
686 193 747 208 homini
763 193 779 208 in
794 193 876 213 Baptismo

499 217 581 237 originalis
594 217 657 237 justitia
670 217 722 238 quoad
735 217 775 233 illud
787 217 875 236 materiale,

499 243 552 257 tamen
561 241 639 257 rectitudo
647 241 733 257 voluntatis
741 246 769 262 per
777 242 844 262 gratiam
852 246 875 257 re-

500 268 564 286 paratur
575 270 578 281 ζ
589 268 605 281 et
616 266 639 282 sic
651 266 666 281 id
677 266 720 287 quod
732 266 783 287 oulpae
793 268 818 282 est
828 266 874 285 tollit,

499 290 537 306 licet
543 290 605 311 aliquid
615 290 678 311 poenale
688 293 785 311 permoneat.
793 299 814 302 —
821 290 875 306 Scien-

499 315 537 330 dum
547 317 607 333 autem.
615 315 657 335 quod
670 315 686 330 in
697 315 755 331 actuali
766 317 831 335 peccato
843 320 875 331 ma-

499 339 560 358 teri-ie,
572 339 634 355 seilicet
644 342 695 358 actus,
707 341 731 355 est
742 344 791 355 causa
802 339 875 355 formalis

499 364 534 384 ejus
548 364 591 384 quod
607 364 623 379 in
638 364 673 385 ipso
687 366 716 383 est,
732 364 794 380 scilicet
808 364 875 380 maculas

498 388 571 404 actualis.
584 388 629 404 Lioet
640 393 679 404 vero
692 389 708 404 in
723 391 788 409 peccato
800 389 874 409 originali

499 412 550 428 lomes
563 413 666 429 materialiter
678 418 695 429 se
708 413 765 429 habeat
775 414 794 429 ad
807 413 875 434 origina-

499 437 530 453 lem
542 437 626 455 maeulnru,
638 442 669 453 non
680 440 705 453 est
716 439 769 454 tamen
781 442 828 454 causa
839 438 875 458 ejus

480 463 491 478 B
499 462 515 477 in
525 462 582 478 eodem
593 462 678 482 subjecto:
687 462 755 483 ideoque
766 464 840 478 manente
851 462 874 478 io-

499 486 543 505 mite,
552 488 635 502 transeunt
645 489 699 503 reatus
710 489 726 503 et
737 487 804 503 macula.
816 487 846 503 Sed
858 488 874 503 in

499 512 564 532 peccato
578 511 637 527 actuali
651 515 683 527 non
698 513 750 532 potest
762 511 796 527 tolli
812 512 875 528 macula

498 538 535 551 actu
545 538 625 551 manente.

518 561 600 578 Praeterea,
611 565 661 581 quum
673 561 750 581 originale
760 563 844 581 peccatum
854 561 875 577 sit

499 585 551 605 primo
559 585 626 600 infectio
633 587 699 603 naturie,
707 587 723 601 et
730 585 788 601 deinde
796 590 873 606 persons,

498 609 558 630 duplex
565 610 580 625 ei
589 614 636 630 poena
643 609 715 625 debetur.
725 610 763 628 Una,
772 610 787 625 in
795 612 873 631 quantum

498 636 522 650 est
533 638 611 654 person-ey
619 634 681 650 scilicet
692 634 762 650 carentia
773 635 840 650 visionis
851 635 874 650 di-

498 659 539 675 vinae
550 659 602 679 (actus
613 659 656 674 enim
665 661 690 675 est
700 659 787 680 suppositi)
797 661 825 675 :et
833 659 874 675 lianc

497 683 550 699 auten
564 683 650 704 Baptisma,
665 683 712 703 cnjus
726 684 777 704 gratia
791 684 874 700 ordinatur

497 708 517 724 ad
525 708 636 729 purgationem
644 708 697 729 culpe
705 710 752 729 prout
760 713 844 729 personam
851 714 874 724 re-

497 733 550 753 spicit,
563 733 597 748 Alia
610 737 648 748 vero
660 737 708 753 poena
719 733 787 748 debetur
798 733 873 754 originali

90 762 145 775 reatus
153 761 224 775 vocatur.
231 759 261 774 Sed
270 758 354 779 dispositio
365 758 430 774 inducta
437 763 468 774 non
477 758 488 774 C
497 759 563 778 peccato
573 759 620 778 prout
632 757 699 778 respicit
708 760 781 774 naturam
792 763 840 778 quam
851 758 874 773 in>

90 789 127 800 mox
143 784 223 802 aufertur,
238 784 265 799 sed
282 783 360 799 minuitur
375 787 379 798 t
392 783 468 804 quoniam

89 809 141 829 gratia
152 808 173 824 ad
184 808 243 824 bonum
256 808 327 823 inclinat.
340 808 394 823 Postea
404 812 469 829 quoque

89 838 118 854 per
125 833 201 848 habitum
209 832 273 848 virtutis
281 832 365 853 dispositio
375 837 424 853 prava
435 837 469 848 cor-

89 858 178 878 rumpitur.
195 857 302 873 Goniormiter
319 861 338 872 ex
354 857 468 877 propagatione

88 883 143 898 earnis
155 882 252 902 relinquitur
262 881 278 897 in
289 883 345 897 natura
355 881 426 901 generati
437 881 468 897 dis-

89 907 149 927 positio
162 906 242 922 inclinans
254 906 273 921 ad
290 906 355 924 malum,
368 910 403 926 qum
417 906 468 922 lomes

88 932 113 947 vel
121 930 256 951 concupiscenti·
265 930 324 946 dieitur
332 934 336 946 1
344 935 380 951 qum
388 930 468 951 attingens

88 960 181 977 personam,
197 955 250 971 reddit
265 960 301 971 eam
317 955 368 975 gratia
382 955 410 970 Dei
427 955 468 971 indi>

88 986 142 1001 gnam
155 980 199 996 Unde
211 980 308 1000 relinquitur
321 979 383 995 macula
395 979 468 995 delectus

88 1006 143 1026 gratim
152 1005 169 1020 in
176 1005 236 1022 anima,
245 1006 260 1020 et
268 1006 327 1022 reatus,
334 1006 351 1020 ut
358 1004 421 1020 scilicet
429 1009 468 1025 prm-

89 1030 121 1046 mio
132 1031 187 1046 careat
198 1029 240 1050 quod
252 1029 307 1050 grati-e
317 1029 410 1045 debebatur.
421 1029 468 1045 Porro

497 782 538 801 ficit,
546 782 620 798 videlieet
630 782 716 798 necessit-aa
728 782 812 801 moriendi,
823 783 874 799 rebel-

497 807 518 823 lio
526 807 584 825 carnis,
592 809 609 822 et
616 809 668 823 cetera
679 812 714 827 quaa
725 807 805 828 principia
813 808 872 828 speciei

496 833 623 852 consequuntur,
634 834 650 847 et
664 832 680 847 in
695 831 771 847 omnibus
785 834 829 850 sunt,
841 832 872 848 uisi

497 861 525 877 per
537 856 632 871 miraculum
643 856 737 872 auferantur
746 860 750 871 :
759 858 775 872 et
786 856 832 872 istam
840 861 871 872 non

496 880 548 896 aufert
559 880 661 901 Baptismatis
672 880 728 901 gratia,
736 881 763 896 sed
774 881 826 896 aut'ert
837 886 872 897 eam

496 905 557 921 donum
567 905 627 925 gloria,
635 905 699 925 quando
709 905 784 921 videlicet
793 906 810 921 in
818 906 872 921 satam

496 932 537 946 statu
550 932 607 945 natura
619 929 635 945 in
648 929 736 950 perfectam
749 929 839 946 libertatem
853 935 871 946 ac

496 954 603 974 integritatem
613 954 677 970 redibit.

516 979 583 999 Insuper
590 979 610 994 de
620 978 711 994 intensione
720 981 736 995 et
746 979 839 995 remissione
849 979 871 995 iu-

496 1004 540 1019 mitis
552 1003 653 1021 intuendum,
664 1003 707 1024 quod
718 1008 768 1024 quarn
780 1003 831 1019 lomes
843 1004 871 1020 im-

496 1028 564 1044 mediate
581 1030 654 1044 naturam
668 1028 749 1049 respiciat,
764 1033 793 1049 par
808 1030 871 1049 oportet

87 1055 138 1075 gratia
153 1059 188 1075 quaa
201 1054 217 1070 ia
227 1054 309 1074 Baptismo
319 1054 392 1072 donatur,
405 1053 468 1070 iniecti·
475 1054 488 1070 D
495 1058 530 1069 esse
537 1053 617 1073 judicium
628 1053 648 1068 de
657 1052 747 1069 intensione
755 1053 815 1069 fomitis
823 1055 870 1074 atque

87 1084 134 1095 onera
151 1084 161 1095 ι
175 1081 232 1094 natura
245 1079 261 1094 in
276 1083 361 1099 personam
375 1078 467 1094 devolutam

88 1104 135 1122 tollit,
144 1103 209 1119 scilicet
216 1103 296 1119 maculam
307 1103 363 1123 culpae,
371 1105 387 1118 et
395 1108 424 1123 per
431 1108 468 1119 con-

88 1133 158 1149 sequens
167 1130 235 1146 reatum,
243 1132 275 1143 aon
283 1129 336 1143 tamen
344 1128 466 1148 dispositionem

87 1154 106 1169 ad
117 1154 186 1171 malum,
194 1152 269 1168 videlicet
279 1152 351 1168 fomitem
358 1156 362 1172 ς
370 1152 398 1168 sed
408 1152 467 1168 minuit

88 1183 129 1197 eam,
142 1178 182 1198 quia
194 1177 245 1198 gratia
257 1177 276 1192 ad
289 1177 381 1197 oppositum
394 1177 465 1193 inclinat.

87 1211 107 1214 —
117 1203 197 1223 Denique,
205 1202 222 1217 in
234 1201 308 1222 originali
319 1201 383 1221 justitia
394 1204 428 1217 erat
439 1202 467 1217 ali-

88 1227 126 1248 qnid
137 1227 181 1243 sicut
192 1226 265 1244 formale,
277 1226 339 1242 seilicet
350 1226 430 1242 rectitudo
441 1231 467 1242 vo-

88 1252 167 1267 luntatis:
180 1253 196 1267 et
208 1251 297 1267 secundum
310 1251 340 1267 hoc
352 1251 440 1271 opponitur
452 1251 467 1267 ei

88 1276 183 1292 deformitas
194 1276 250 1296 culpm.
260 1275 296 1291 Erat
307 1280 372 1296 quoquo
383 1275 399 1291 iu
410 1280 429 1291 ea
439 1276 467 1291 ali-

87 1301 126 1322 quid
139 1300 187 1322 quasi
203 1300 290 1319 materiale,
303 1300 378 1316 videlicet
389 1300 428 1316 ordo
443 1305 467 1316 re-

88 1326 174 1342 ctitudinis
182 1325 270 1346 impressus
281 1325 384 1341 inferioribus
394 1325 466 1341 viribus:

495 1080 560 1094 natura.
569 1077 628 1093 Natura
636 1079 690 1093 autem
701 1077 788 1098 dupliciter
798 1078 870 1094 couside-

495 1105 544 1121 ratur,
555 1102 629 1118 videlicet
639 1106 643 1117 z
653 1102 742 1118 seeundum
753 1102 845 1118 essentialia
854 1105 871 1119 et

495 1127 572 1148 specifica
588 1131 617 1142 sua
634 1127 719 1147 principia,
735 1131 763 1142 seu
780 1127 869 1143 secundum

494 1152 572 1167 rationem
580 1151 646 1172 speciei,
651 1153 667 1167 et
674 1151 698 1167 sic
705 1152 788 1172 aequaliter
794 1152 870 1168 omnibus

495 1176 582 1192 individuis
591 1176 642 1196 inest;
650 1176 674 1191 vel
685 1176 773 1192 seeundum
784 1177 826 1197 qnod
835 1181 870 1197 per-

494 1201 543 1217 fectio
560 1203 620 1216 natura!
635 1200 714 1216 redundat
731 1200 746 1216 iu
761 1201 869 1220 individuum,

494 1225 546 1246 quoad
554 1230 572 1241 ea
580 1230 599 1241 ex
609 1225 668 1246 quibus
678 1227 768 1246 sequuntur
778 1227 794 1241 et
803 1231 870 1242 causan-

495 1253 520 1266 tur
530 1250 630 1271 operationes
640 1250 760 1266 individuorum
771 1255 774 1265 :
785 1253 801 1266 et
811 1251 834 1266 sic
845 1256 870 1266 se-

494 1275 564 1291 cundum
578 1275 686 1290 diversitatem
698 1275 834 1295 complexionum,
845 1277 869 1291 est

495 1305 537 1316 unus
547 1300 595 1315 homo
607 1299 686 1320 potentior
695 1299 727 1315 alio
737 1300 753 1315 in
763 1300 843 1320 operando
853 1302 869 1316 et

495 1324 604 1345 intelligendo,
616 1326 646 1340 etc.
661 1324 677 1340 Si
692 1324 746 1346 itaque
759 1325 869 1341 consideretur
