1083 1563
204 113 234 130 tet

277 118 390 130 murenarum
400 118 417 130 [N
427 118 483 130 mmm!
494 118 515 130 Ao
526 118 567 130 11!OE
578 118 689 130 cousmxmrto
699 118 798 130 momGICA.
806 123 827 126 —
834 118 869 130 ΛΚΤ.
877 118 907 130 CXV

202 160 269 177 haberet
280 161 294 177 si
305 163 349 182 pater
360 165 391 177 non
404 163 491 182 peccasset,
502 163 520 177 ut
532 161 577 177 here<
585 161 599 177 Α
606 161 721 182 operationem,
729 161 752 177 sic
763 166 793 177 nec
801 166 848 182 pcena
856 166 890 177 ease
897 161 945 177 debet
953 165 985 182 per

203 186 275 204 ditarem,
288 186 313 202 vel
326 186 375 202 etiam
390 186 487 204 membrum,
501 186 576 206 quoniam

203 215 222 226 ex
230 210 308 226 truncatis
318 212 406 226 nascuntur
414 210 488 226 truncati.

223 235 367 256 Contemplandum
380 237 462 256 praeterea,
473 235 515 255 quod
528 239 578 255 quum

202 259 280 280 originale
296 262 379 280 peccatum
393 260 415 275 sit
429 259 497 280 privatio
511 259 578 280 prirnor-

202 284 249 299 dialis
257 284 329 304 justitia,
338 289 373 305 quas
383 289 439 300 omnes
449 284 491 300 vires
502 284 518 299 in
528 284 578 299 Deum

203 309 271 327 reduxit,
279 310 295 324 et
304 309 335 324 sibi
347 309 416 324 invicem
428 309 534 328 coordinavit;
543 308 579 324 ideo

202 333 280 353 originale
292 335 376 354 peccatum
390 335 415 349 est
426 338 477 349 unum
490 333 578 351 dumtaxat,

202 359 218 373 et
226 358 292 378 respicit
299 358 385 374 essentiam
393 358 456 376 animm,
465 359 480 373 et
488 362 517 378 per
525 358 578 378 ipsum

202 386 259 398 omnes
271 382 314 398 vires
327 382 424 398 deordinatae
437 384 479 397 sunt.
492 382 536 397 Unde
546 382 578 397 An<

202 406 263 422 selmus
270 406 315 425 dicit,
323 407 366 427 quod
377 406 455 427 originale
463 409 547 427 peccatum
554 408 579 422 est

202 431 274 451 pronitas
281 431 301 446 ad
308 435 356 447 omne
368 431 432 446 malum.
443 431 460 446 ln
471 431 544 451 pluribus
552 436 578 446 au-

606 190 651 201 suam
663 186 760 206 passionem,
773 186 800 202 sed
815 191 844 207 per
856 186 983 202 subtractionem

606 209 650 225 illius
659 210 703 230 quod
712 212 785 226 naturam
795 210 863 229 excedit,
871 210 891 226 ad
901 210 944 231 quud
952 210 984 225 ori-

606 234 663 254 ginalis
680 234 742 255 justitia
759 234 836 255 provexit
852 235 869 250 ln
885 234 984 250 bonitatibus

607 259 660 279 itaque
675 259 776 275 naturalibus
790 259 853 275 nullum
868 260 983 275 detrimentum

606 283 689 299 habebunt
696 286 762 304 propter
766 284 844 304 originale
851 284 983 304 peceatumiNam

606 310 622 324 et
629 308 706 328 originale
714 310 803 329 peecatum,
812 308 854 324 sicut
862 308 947 324 minimum
956 309 983 324 ha-

606 332 633 348 bet
645 333 664 348 de
676 333 772 351 voluntario,
784 333 807 348 sic
820 333 887 349 minime
898 333 983 354 participat

606 357 684 373 rationem
697 358 763 378 peceati.
774 366 794 368 —
805 358 853 373 Porro
865 362 932 378 corpora
944 362 983 378 pue-

606 386 660 397 rorum
676 384 712 403 post
726 382 861 398 resurrectionem
877 382 982 403 impassibilia

606 408 658 425 erunt,
667 411 698 422 nou
708 406 809 427 simpliciter,
818 406 860 422 sicut
869 411 935 427 corpora
945 407 982 422 Bea-

606 433 665 449 torum,
677 436 729 452 neque
740 433 806 452 propter
817 431 919 447 intrinsecam
931 431 982 452 impo-

202 457 235 471 tem
243 460 311 471 nurnero
322 455 383 471 dissert
392 456 420 471 Est
430 456 478 471 etiam
490 455 578 471 virtualiter
585 456 597 472 B
606 456 672 471 tentiam
688 456 764 476 patiendi,
779 456 806 471 sed
822 458 887 476 propter
901 456 981 472 detectum

203 480 253 496 multa
261 482 331 500 peccata,
340 480 356 495 in
366 482 444 500 quantum
453 485 472 495 ex
482 484 501 496 eo
511 480 579 495 actualia

203 506 268 525 peecata
276 506 366 520 causantur.
375 504 459 525 Propterea
467 504 520 520 Sancti
529 509 578 525 quan-

202 529 255 550 doque
264 529 317 550 ipsum
326 529 409 550 pluraliter
417 529 505 549 designant„
515 529 533 545 Et
540 529 579 550 quia

203 554 292 569 secundum
304 558 321 569 se
333 558 383 569 unum
395 555 425 572 est,
439 554 474 569 ideo
486 558 578 574 correspon-

202 578 229 594 det
238 578 253 594 ei
263 578 323 594 directe
333 583 364 594 una
374 583 427 599 poena,
435 578 497 594 seilicet
507 578 578 594 carentia

202 603 269 619 visionis
284 603 353 623 divinae3
366 605 382 619 et
396 605 453 619 ceterae
468 607 519 623 poenm
531 603 577 623 quasi

202 632 231 648 per
245 628 319 643 accidens
334 630 455 648 consequuntur
468 628 527 648 ipsurn,
540 628 578 648 quia

201 657 257 668 avers·
268 654 321 668 meme
333 657 342 667 a
354 652 391 671 Deoy
402 652 464 672 justum
475 654 509 667 erat
519 656 577 672 corpus

201 678 218 692 ct
225 681 282 693 sensus
291 681 323 692 non
332 677 398 693 obedire
408 677 465 692 menti.

296 745 419 761 ARTICULUS
431 745 481 761 CXV⁴

201 781 226 796 De
232 785 282 799 poma
292 780 380 799 original&
389 780 464 799 peccati:
471 782 486 795 et
496 785 517 795 an
526 781 578 799 pueri

221 808 254 818 non
260 803 341 821 baptizati
347 803 451 821 spiritualem
457 802 577 821 patianturdo-

221 826 272 840 lorem
279 825 299 840 de
305 825 392 840 ammiane
400 825 438 840 oitae
445 827 514 840 mter-nm.

234 874 256 890 ST
263 876 317 890 autern
325 879 372 895 poena
382 875 509 895 correspondens
518 875 575 895 culpae.

240 899 320 919 Originale
331 903 368 915 vero
378 901 461 920 peccatum
472 903 503 915 non
513 901 538 915 est
548 904 576 920 per

200 924 325 940 subtractionem
339 923 409 944 alicujus
421 924 463 944 quod
476 924 537 939 homini
550 929 576 939 na-

199 948 272 964 turaliter
283 948 355 966 debetur,
366 948 394 964 sed
406 950 430 964 est
441 948 511 964 carentia
522 953 576 969 super-

200 973 277 988 naturalis
285 973 328 991 doni,
337 977 366 993 per
373 973 415 993 quod
423 973 506 988 ordinatus
517 975 541 988 est
549 973 578 989 ho*

200 1002 227 1013 mo
243 998 262 1013 ad
280 998 410 1018 consequendum
428 997 477 1013 vitam
494 999 574 1014 aeternam⁴

200 1022 285 1043 originalis
297 1022 340 1038 enim
352 1022 415 1043 justitia
428 1024 462 1038 erat
472 1024 544 1038 naturam
556 1023 575 1038 ad

606 480 689 496 exterioris
696 480 758 500 agentis
769 480 785 496 in
796 485 815 496 ea
824 485 828 496 τ
836 481 888 496 ornuis
899 481 943 496 enim
955 485 983 496 na-

606 505 662 521 turalis
672 505 720 523 notio,
729 505 798 521 maxime
808 505 905 526 corruptiva,
913 505 983 521 cessabit

606 532 641 550 post
656 530 698 545 diem
713 530 776 550 judicii,
789 532 861 546 cessante
876 532 920 546 motu
933 530 982 550 cteli;

605 554 633 570 sed
647 556 683 574 aget
697 559 747 570 unum
763 559 821 575 corpus
836 555 852 570 in
867 555 916 573 aliud,
929 555 981 571 solum

605 579 694 594 secundum
704 579 776 595 ordinem
787 579 846 595 divium
854 579 925 599 justitiae.
936 579 981 598 Quod

605 608 642 624 ergo
650 604 672 619 ait
678 604 783 624 Augustinus,
788 608 845 624 pueros
854 608 885 619 non
893 604 981 624 baptizatos

605 630 664 644 aeterno
682 628 762 649 supplicio
780 628 875 649 puniendos,
893 628 913 644 de
933 633 981 649 poena

605 653 658 668 damni
669 653 736 673 intelligi
747 658 775 673 par
785 654 814 668 est.

625 677 707 696 Praeterea,
722 677 760 698 quia
775 677 864 693 seeundum
880 677 919 697 brec,
935 678 981 694 dolor

605 701 686 717 sensibilis
699 702 812 723 correspondet
824 702 931 721 delectationi,
944 707 981 723 quae

605 726 621 742 in
629 728 695 747 peccato
702 727 776 747 originali
785 727 829 742 nulla
836 727 910 746 est;ideo
918 729 981 747 oportet

585 751 596 767 C
604 751 647 771 quod
655 751 710 766 nullus
720 751 765 767 dolor
774 751 813 767 insit
823 751 877 772 pueris
888 755 919 767 non
929 751 981 772 bapti-

604 775 643 791 zatis
650 777 687 796 post
696 775 737 791 bane
747 775 796 791 vitam
807 776 827 791 de
839 775 928 796 privatione
939 781 981 792 νει-ω

604 800 691 819 felicitatis,
707 805 737 816 nec
753 800 823 816 exterior
839 805 891 821 neque
908 801 980 816 interior.

604 825 689 840 Habebunt
704 827 757 841 autem
772 825 860 845 perfectam
872 825 981 845 cognitionem

604 854 659 865 eorum
672 854 708 870 quae
720 849 788 865 naturali
800 849 881 870 agnitione
893 850 934 866 scire
945 854 981 870 pos-

604 876 645 889 sunt.
655 874 699 890 Unde
709 876 806 894 cognoscent
816 879 833 890 se
843 874 904 890 visione
912 874 940 890 Dei
948 874 981 895 pri-

604 900 657 918 vatos3
669 903 734 914 causam
747 903 811 919 quoque
824 898 872 919 hujus
884 899 980 919 privationis

603 923 698 943 dignoscent
708 927 712 938 t
723 928 754 939 non
766 925 819 939 tamen
829 923 911 939 dolebunt.
922 923 980 939 Nullus

603 948 647 963 enim
659 950 706 963 rectae
719 948 785 963 rationis
797 948 840 963 dolet
851 952 868 964 se
879 948 895 963 id
908 953 939 964 non
952 948 979 964 ha<

604 972 641 988 bere
655 972 675 988 ad
689 972 732 993 quod
747 972 876 993 proportionatus
890 977 922 988 non
937 975 961 989 est
975 978 979 989 :

603 997 645 1012 sicut
659 1001 691 1012 non
706 997 749 1012 dolet
763 997 810 1013 horno
827 997 865 1017 quin
879 997 932 1013 volare
946 1002 979 1013 non

604 1023 665 1043 potest;
673 1021 699 1037 vel
710 1021 785 1040 rusticus,
795 1021 837 1042 quod
850 1022 936 1043 imperator
946 1027 979 1038 non

200 1047 338 1068 supernaturalem
349 1046 405 1065 sinen-i,
416 1047 478 1062 scilicet
489 1047 516 1063 Dei
528 1047 632 1063 visio-best.
645 1046 691 1062 Pueri
703 1051 742 1062 vero
756 1046 791 1062 sino
805 1046 886 1067 Baptismo
900 1046 978 1065 defuncti,

200 1076 244 1090 nem,
259 1072 353 1092 perducens.
369 1071 405 1087 Ideo
421 1071 495 1092 originali
511 1074 576 1092 peccato

200 1096 245 1112 nulla
252 1096 283 1112 alia
294 1100 341 1116 poena
351 1096 419 1112 debetur
430 1098 466 1116 post
476 1096 517 1111 hanc
526 1096 575 1112 vitam

200 1121 232 1137 nisi
245 1125 292 1141 poena
306 1120 366 1139 damni,
379 1120 454 1136 videlieet
468 1121 538 1136 carentia
552 1121 575 1136 vi-

200 1145 250 1161 sionis
264 1145 319 1161 beatae.
335 1145 416 1163 Praeterea,
431 1145 509 1161 acerbitas
523 1150 575 1166 poenae

198 1169 287 1187 sensibilis,
298 1169 399 1185 delectationi
409 1170 470 1190 peccati
484 1170 573 1190 respondet.

200 1195 217 1211 ln
228 1194 302 1214 originali
313 1196 367 1210 autern
379 1195 445 1214 peccato
457 1198 488 1209 non
498 1196 522 1210 est
532 1194 574 1210 dele-

200 1219 253 1237 ctatio,
266 1219 305 1239 quia
316 1223 346 1234 nec
358 1218 435 1239 operatio,
448 1218 482 1234 siue
497 1223 528 1239 qua
540 1224 575 1235 esse

199 1248 231 1260 uon
239 1243 282 1259 valet
288 1243 377 1259 delectatio⁴
387 1243 432 1261 ltem,
438 1247 485 1263 poena
493 1243 575 1259 sensibilia

199 1268 269 1289 pertinet
276 1268 295 1283 ad
304 1268 354 1289 ipsam
362 1272 452 1288 personam,
461 1268 540 1288 Originnle
548 1273 575 1284 an-

199 1295 232 1309 tern
245 1294 328 1314 peccatum
341 1294 365 1308 est
377 1292 437 1308 directe
449 1292 496 1313 culpa
509 1295 573 1309 naturae.

200 1318 244 1334 Unde
255 1318 298 1333 sicut
310 1319 393 1338 peccatum
407 1321 439 1333 non
451 1319 474 1332 est
487 1322 515 1338 per
529 1322 574 1333 suam

603 1071 663 1087 nullam
673 1076 742 1091 unquam
752 1071 872 1092 proportionem
880 1071 930 1087 sortiti
941 1073 979 1087 sunt

602 1095 695 1116 acquirendi
703 1096 751 1111 vitam
758 1096 880 1116 aeteruam‚quia
885 1096 979 1112 natur-alitor

602 1120 626 1136 eis
635 1124 667 1136 non
675 1120 755 1138 convenit,
764 1124 794 1136 nec
802 1125 848 1135 usum
859 1120 905 1136 liberi
915 1120 978 1136 arbitrii

602 1145 719 1163 habuerunt‚ut
727 1145 796 1165 propriis
801 1144 863 1160 actibus
871 1147 978 1161 mererentur:

603 1169 669 1190 ideoque
677 1169 697 1184 de
705 1169 740 1189 ejus
750 1169 836 1185 amissione
846 1169 887 1185 nihil
894 1169 977 1185 dolebunt.

602 1194 679 1214 Denique,
692 1194 708 1209 in
721 1194 775 1214 pueris
790 1193 822 1209 illis
836 1196 861 1209 est
874 1196 917 1210 recta
931 1194 977 1214 ratio,

602 1218 639 1239 quia
647 1221 712 1239 peccato
720 1223 751 1234 non
759 1218 789 1234 erit
796 1218 884 1239 obliquata,
892 1223 922 1235 nec
929 1223 979 1235 onere

602 1243 654 1259 carnis
665 1245 734 1263 gravata.
747 1243 776 1258 Sed
788 1245 831 1259 reeta
843 1243 884 1259 ratio
895 1248 927 1259 non
939 1244 979 1260 sinit

602 1268 695 1288 quempiam
707 1267 768 1283 turbari
780 1268 800 1283 de
812 1267 842 1283 hoc
853 1268 896 1288 quod
908 1268 943 1289 ipse
955 1269 979 1284 vi-

602 1295 635 1308 tare
642 1297 674 1308 non
683 1292 739 1313 potuit.
748 1292 767 1308 Et
776 1297 795 1308 ex
805 1292 835 1308 hoc
845 1292 905 1308 Seneca
914 1293 977 1314 prohat,

602 1317 645 1338 quod
661 1317 677 1333 in
691 1317 779 1337 sapientem
795 1317 864 1333 turbatio
878 1318 934 1334 cadere
950 1323 978 1335 ne-
