1083 1563
215 126 235 142 {S
413 131 433 142 ΒΕ
443 130 505 143 turm
515 130 576 142 mm
586 130 605 142 ΕΙ·
615 130 651 142 VEB!
661 130 693 142 out.
704 135 724 138 —
735 130 770 142 ΛΠΤ.
781 130 797 142 w

213 173 306 190 omnimoda
312 173 403 189 Divinitatis
411 173 505 194 ignorantia,
512 173 588 194 quoniam
596 173 609 189 Α
617 175 699 189 ostensum
706 175 735 189 est.
744 173 788 192 Quod
796 175 849 189 autem
858 173 967 189 immediatam
977 175 993 189 et

212 198 289 214 omnibus
301 198 395 214 naturaliter
407 199 431 214 est
444 198 503 214 inserta
518 198 588 218 cognitio

213 223 264 239 Deum
272 222 363 239 exsistendi.
372 222 413 243 Ergo
421 222 476 243 utique
484 222 532 238 etiam
540 227 589 243 quan·

212 249 247 264 tum
254 247 275 263 ad
283 252 311 264 nos
322 252 350 268 per
360 252 377 263 se
388 249 444 263 notum
453 249 477 263 est
484 247 534 263 Deum
547 251 588 265 esse,

212 277 263 293 quum
275 272 297 288 nil
308 272 329 288 sit
339 272 392 288 notius
405 276 424 288 eo
438 272 480 293 quod
494 271 588 288 naturaliter

213 297 303 312 innotescit.

232 321 283 337 Prirno
289 321 336 341 igitur
343 321 457 337 introducenda
462 323 487 337 est
493 321 533 337 ratio
539 321 588 337 S.An-

212 345 264 364 selmi,
277 350 313 366 quaa
325 345 361 361 talis
373 347 398 361 est
410 350 413 361 :
426 346 468 361 Deus
480 347 504 361 est
518 350 550 366 quo
564 345 588 361 nil

212 370 264 391 majus
274 375 303 386 seu
315 370 379 390 dignius
392 370 458 390 cogitari
469 372 527 391 potest,
538 375 588 390 quum

212 395 253 410 Deus
263 395 284 411 sit
294 399 323 411 ens
334 399 397 410 summe
409 394 504 415 perfectum.
515 395 545 410 Sed
558 394 588 410 tale

211 424 240 435 ens
248 424 280 435 non
288 424 328 437 esse,
337 419 401 440 concipi
409 419 465 439 nequit
473 423 477 435 z
486 419 518 435 imo
526 419 588 434 unicui-

212 448 244 464 que
254 444 314 459 ratione
325 448 364 459 sana
375 443 432 462 utenti,
444 443 552 459 certissimum
564 445 589 459 est

616 197 675 213 claram
691 198 833 214 contradictionem
847 198 923 219 implicat,
936 202 993 218 appre-

616 222 664 238 hendi
676 227 708 238 non
720 224 776 243 potest.
785 222 829 238 Unde
841 222 930 238 secundum
941 222 993 238 Philo-

616 247 691 268 sophum,
699 249 754 263 contra
763 249 839 268 neguntes
850 247 902 268 prima
913 247 993 268 principia

616 276 648 287 non
658 273 683 287 est
693 272 814 292 disputandum,
822 276 841 288 eo
852 272 895 292 quod
906 271 946 287 tales
957 276 993 292 pru<

617 296 668 317 priam
676 301 708 312 nou
717 296 825 312 intellexerint
832 296 936 316 vocemErgo
943 296 993 312 Deum

616 325 652 336 esse
666 321 706 336 adeo
722 322 783 336 certum
799 322 829 339 est,
846 322 863 336 ut
878 320 914 341 ejus
928 321 992 341 opposi-

617 347 651 360 tum
668 345 773 366 apprehendi,
792 345 864 365 cogitari,
882 345 945 365 concipi
963 349 991 360 ne-

616 371 668 390 queat.

636 394 676 412 Quid
688 396 712 410 est
722 398 760 414 ergo
770 394 813 415 quod
824 394 846 410 ait
856 394 939 414 Scriptura
950 398 954 409 z
966 394 991 410 Di-
1006 400 1065 412 unna:
1079 388 1080 393 l

617 418 640 434 xit
649 418 728 439 insipiens
738 418 754 434 in
766 418 813 434 corde
822 423 857 437 suo,
864 418 899 434 Non
906 420 931 434 est
938 418 991 434 Deus!
999 419 1016 428 ¹⁴¹·
1025 417 1035 427 ¹⁴

616 442 669 461 Plune,
677 443 766 459 secundnm
777 443 891 463 Angustinum,
903 443 937 459 hac
948 445 992 459 tantu

212 468 266 489 ipsum
281 473 321 484 ease.
334 468 378 487 Quod
393 468 437 484 enirn
449 468 466 484 in
480 468 513 484 solu
527 468 588 484 ratione
597 467 686 485 Barnentia
703 469 728 483 est
745 472 838 488 paucorum*
854 467 992 486 Quemadmodum

212 493 281 511 exsistit,
294 497 323 508 nec
336 493 352 508 in
364 493 431 508 veritate
444 497 497 509 rerum
509 492 588 511 subsistit,

212 522 314 538 nequaqnam
325 519 349 533 est
358 517 389 533 tale
399 522 418 533 ac
428 519 496 536 tantum,
508 519 525 533 ut
535 517 558 533 nil
570 522 589 533 eo

212 542 278 563 cogitari
286 544 334 563 queat
342 542 447 563 priestentius,
456 542 480 558 vel
492 547 527 558 esse
537 542 588 563 perfe-

211 567 253 582 ctius
261 571 265 582 z
274 567 317 587 quod
328 567 372 582 enim
383 567 399 582 in
411 566 444 583 sola
455 567 520 582 rationis
532 571 588 587 appre-

211 591 289 607 hensione
296 591 374 610 consistit,
382 593 407 607 est
415 591 528 612 imperfectum
535 596 554 607 ac
562 591 589 607 de-

211 615 249 634 bile,
257 618 305 637 atque
313 616 392 632 declivius
399 616 427 632 illo
435 616 477 637 quod
485 616 533 631 etiarn
545 616 587 632 reale

211 645 229 656 ac
241 645 297 656 verum
308 645 343 656 esse
354 640 428 656 sortitum
439 642 467 656 est.
476 641 527 659 Quum
539 640 588 661 igitur

212 665 225 681 is
240 665 268 686 qui
283 670 320 681 vere
334 665 417 685 cognoscit
431 665 470 685 quid
484 665 514 681 hoc
529 669 587 681 nomeu

211 689 253 705 Deus
263 689 350 710 significet,
359 689 375 705 in
386 694 405 705 eo
417 689 459 710 quod
470 689 529 705 dicitur
540 690 587 708 Deus,

211 719 240 730 ens
256 714 345 735 perfectum
359 718 378 730 ac
392 718 480 732 summum,
493 716 509 730 et
520 718 553 735 quo
564 714 587 730 nil

211 738 264 759 majus
272 738 335 759 concipi
343 738 390 757 valet,
399 738 488 759 intelligat3
498 738 587 754 clarissime

617 492 665 512 igitur
674 497 707 508 non
719 492 797 513 sequitur,
808 492 848 508 illud
861 492 938 513 primum,
949 496 991 508 com-

617 516 730 532 munissimum
738 517 879 537 certissimumque
887 516 991 537 principium,

616 542 639 557 De
646 541 718 562 quolibet
725 541 812 557 affirmatio
820 541 846 557 vel
853 541 922 562 negatio,
930 541 950 557 de
958 541 992 557 nul-

617 566 632 581 lo
646 570 684 582 vero
697 566 751 584 simul,
765 566 826 582 idcirco
838 570 870 582 non
882 570 917 582 esse
932 571 961 587 per
975 571 992 582 se

616 593 677 609 notum,
686 591 762 611 quoniam
770 591 836 611 quidam
844 591 947 611 antiquorum
958 591 992 612 phi-

616 615 719 636 losophorum
730 615 783 636 ipsum
795 615 884 636 negabant;
892 616 914 631 ita
924 620 956 631 non
968 620 992 631 se—

616 640 676 661 quitur,
685 640 735 656 Deum
742 644 778 656 esse
786 644 818 656 non
826 640 860 656 sore
868 642 924 656 notum
932 645 961 661 per
968 645 990 659 se,

615 665 653 685 quia
670 665 754 685 insipiens,
770 665 797 685 qui
812 664 868 680 bestiis
883 667 990 685 comparatur,

615 689 668 710 ipsum
676 689 771 705 stultissime
778 689 854 710 negatEt
861 694 890 705 cur
898 689 947 705 Deum
956 694 991 705 esse

615 716 667 734 negat,
680 714 711 729 nisi
726 714 764 734 quia
776 718 808 730 non
824 714 899 734 intelligit
911 714 950 735 quid
960 714 990 730 hoc

614 743 672 754 nomen
682 739 723 754 Deus
731 739 818 759 importet?
826 738 845 754 Et
856 743 885 754 cur
896 738 912 754 id
924 743 955 754 non
967 739 990 754 in-

211 763 293 782 elucescit,
305 763 347 784 quod
359 763 381 778 nil
393 763 414 778 sit
425 763 478 778 notius
489 765 516 778 aut
527 763 586 779 certius
594 764 605 781 c
614 763 677 784 telligit,
693 763 728 779 nisi·
739 763 816 784 quoniam
831 767 862 779 non
877 763 957 779 advertit?
972 763 990 779 Et

211 792 259 808 quam
276 788 327 803 Deum
344 792 383 804 esse.
398 787 443 804 Idem
459 788 498 804 dicit
512 788 586 804 Albertus

211 817 260 833 super
275 812 334 828 librum
351 812 371 828 de
388 812 449 828 Gausis,
464 812 529 828 Constat
543 817 586 833 ergo,

211 837 254 857 quod
262 837 312 853 Deum
320 841 361 855 esse,
369 837 390 853 sit
398 839 466 858 utroque
474 837 521 853 modo
532 842 560 858 per
570 842 587 853 se

211 863 273 877 notum.

231 886 307 902 Praeterea
313 890 363 907 urguo
371 886 393 902 ita
401 890 404 901 ε
412 886 430 902 Id
438 886 485 907 eujus
494 886 586 907 oppositum

210 910 309 931 apprehendi
320 915 352 926 non
363 912 421 931 potest,
433 910 535 926 notissimum
546 912 570 926 est
582 915 585 926 :

211 935 239 951 sed
246 935 296 956 hujus
303 935 345 956 quod
353 935 418 954 dicitur,
427 935 477 951 Deum
487 940 528 954 esse,
536 939 586 956 oppo-

211 959 260 975 situm
267 960 367 980 apprehendi
374 964 406 976 non
415 961 471 980 potest⁴
480 960 532 978 Quum
542 960 586 975 enim

211 984 253 1000 Deus
260 984 281 1000 sit
288 984 342 1005 ipsum
351 984 487 1005 perfectissimum
497 986 545 1005 atque
555 984 587 1005 ple>

211 1008 297 1024 nissimum
305 1009 448 1029 esse,quicumque
456 1009 504 1024 Deum
513 1013 543 1024 non
552 1013 587 1024 esse

211 1033 289 1052 affirmat,
297 1033 349 1049 nescit
356 1033 395 1054 quid
402 1033 442 1049 dicit
450 1038 454 1049 z
463 1033 496 1049 imo
505 1034 586 1054 propriam

614 793 643 804 eur
652 792 684 804 nou
695 788 769 806 advertit,
777 788 809 803 nisi
820 788 858 809 quia
869 788 929 804 malitia
940 793 989 804 exea>-
996 795 1065 810 ειμι-,ει

614 813 657 828 cavit
669 813 740 828 animam
755 813 802 833 ejus?
816 813 835 828 Et
847 813 889 833 quod
902 813 946 831 dicit,
957 817 989 829 non

614 837 704 853 secundum
721 837 787 853 rationis
804 837 884 857 judicium
900 837 947 856 dicit,
963 837 990 853 sed

615 862 703 878 secundum
718 862 790 880 volitam,
806 862 873 877 electam
890 862 990 882 liberamque

615 886 699 905 malitiam,
714 886 756 902 sicut
770 886 798 907 qui
813 888 861 907 negat
875 886 918 907 quod
936 886 990 902 sensui

614 913 681 927 constat.

635 936 707 956 insuper,
715 935 757 956 quod
765 935 815 956 aliqui
823 935 884 954 dicunt,
891 935 941 951 Deum
949 940 990 954 esse,

615 965 646 976 non
656 965 691 976 esse
703 965 732 981 per
742 965 759 976 se
770 962 826 976 notum
837 962 915 981 quantum
926 960 946 976 ad
956 964 990 979 nos,

615 985 689 1005 quoniam
697 985 789 1005 ignoramus
796 984 835 1005 quid
843 985 864 1000 sit
871 989 906 1000 esse
913 984 990 1003 divinum,

614 1011 656 1025 stare
667 1014 699 1025 non
712 1011 768 1030 potest.
782 1009 808 1025 Sic
820 1009 864 1025 enirn
877 1009 917 1025 nulli
931 1009 947 1025 in
959 1009 992 1025 vita

615 1034 696 1055 praesenti,
711 1035 860 1054 quantumcumque
875 1033 937 1052 edocto,
949 1035 992 1049 esset

211 1062 267 1073 vocem
276 1057 320 1073 nullo
328 1058 375 1074 modo
382 1057 544 1079 intelligit,quoniarn
552 1063 587 1074 esse
595 1061 607 1076 1)
615 1063 643 1079 per
653 1063 670 1074 se
681 1060 743 1077 notum,
752 1058 802 1074 Deum
813 1063 849 1074 esse
860 1062 863 1073 :
875 1063 925 1079 quum
937 1058 991 1074 nullus

211 1082 301 1103 perfectum
312 1087 330 1098 uc
341 1082 406 1103 plenum
417 1082 476 1098 dicitur
487 1087 515 1103 per
526 1087 586 1098 meram

210 1109 259 1128 atque
273 1107 382 1123 omnimodam
398 1107 457 1128 fugam,
473 1108 586 1126 recessionem,

210 1131 332 1152 abnegationem
341 1132 376 1153 ejus
384 1132 427 1153 quod
434 1134 459 1148 est
466 1137 498 1148 non
505 1137 545 1148 esse.
550 1132 586 1151 Qui-

211 1161 281 1177 cumque
294 1156 347 1177 itaque
361 1157 418 1173 asserit
432 1157 482 1173 Deum
497 1161 529 1173 non
544 1161 584 1176 esse,

210 1179 280 1202 amplius
288 1181 341 1197 deviat
349 1186 396 1202 quarn
407 1182 434 1202 qui
446 1183 493 1202 negat
503 1181 543 1197 nihil
553 1186 585 1197 non

210 1210 251 1224 esse,
259 1206 284 1221 vel
292 1208 351 1222 terram
359 1210 390 1222 non
398 1211 434 1222 esse
441 1208 505 1222 terram*
512 1215 532 1218 —
539 1206 586 1222 Deni-

209 1235 241 1251 que
249 1230 299 1246 Deum
307 1235 339 1246 non
346 1235 381 1246 esse
392 1230 465 1251 implicat
476 1230 584 1246 immediatam

209 1257 225 1270 et
237 1254 297 1270 claram
309 1255 451 1271 contradictionem
463 1259 466 1270 :
477 1255 520 1275 quia,
533 1257 551 1271 ut
563 1255 586 1271 di-

209 1281 253 1295 ctum
268 1281 298 1298 est,
313 1279 355 1295 Deus
369 1281 393 1295 est
408 1279 502 1295 naturaliter
519 1279 585 1300 plenum

209 1308 324 1325 summumque
334 1308 380 1324 essu
392 1306 409 1320 et
419 1304 450 1319 tale
461 1308 496 1320 esse
507 1309 539 1320 non
550 1309 585 1321 esse

209 1329 229 1345 ad
241 1330 291 1348 extra,
303 1328 445 1345 contradictionem
458 1329 531 1348 includit,
543 1329 586 1345 sicut

615 1083 631 1099 in
643 1083 676 1099 vita
688 1083 723 1101 hac,
736 1083 776 1103 quid
787 1083 808 1098 sit
818 1083 859 1099 Deus
870 1087 956 1103 agnoscere
967 1087 992 1098 va⁴

615 1108 650 1123 leat.
661 1108 695 1123 Imo
703 1112 732 1123 nec
740 1107 834 1123 substantiis
842 1107 925 1128 separetis,
935 1112 991 1123 seeun—

615 1133 652 1148 dum
663 1132 752 1148 naturalem
763 1132 834 1153 ipsarum
843 1132 958 1153 perfectionem
967 1137 991 1148 es-

614 1159 638 1173 set
649 1162 678 1178 per
689 1162 706 1172 se
717 1159 779 1175 notum,
790 1157 840 1172 Deum
851 1161 887 1172 esse
899 1161 902 1172 :
914 1156 990 1177 quoniam

614 1182 707 1197 naturaliter
715 1181 786 1197 divinam
794 1181 879 1197 essentiam
890 1181 941 1201 quoad
952 1181 990 1201 quid

614 1208 643 1225 cst,
657 1211 714 1227 capere
726 1208 813 1226 nequeunt,
827 1206 869 1221 sicut
883 1205 900 1221 in
915 1205 957 1221 libro
971 1205 991 1221 de

613 1231 694 1249 Causis‚et
701 1231 717 1246 in
725 1230 852 1246 Elementatione
859 1230 948 1250 theologica
956 1230 991 1246 Pro-

614 1255 634 1271 cli
649 1255 725 1271 Platonici
741 1255 858 1276 comprobatur.
871 1254 894 1270 Ad
909 1255 939 1270 hoc
952 1259 990 1275 ergo

614 1280 656 1300 quod
664 1280 714 1296 Deum
724 1284 764 1298 esse,
773 1279 798 1295 vel
808 1279 892 1300 quodlibet
901 1279 960 1298 simile,
969 1279 990 1295 sit

614 1309 643 1325 per
656 1309 673 1320 ee
688 1306 749 1323 notum,
762 1304 824 1320 suffieit
839 1306 856 1320 ut
870 1304 909 1324 quid
923 1304 989 1320 termini

613 1329 677 1350 signent
684 1329 762 1345 veraciter
769 1329 838 1350 cognito,
844 1328 947 1349 pnedicutum
956 1330 988 1345 tam
