1083 1563
208 115 229 132 m
405 119 425 131 B!
435 119 497 131 tunm
508 119 567 130 ΕΤΕΙ-ΠΙ
578 119 596 131 u·
607 119 642 130 VBM
653 119 683 131 DEI·
695 124 715 127 —
724 120 760 131 amu
772 120 790 131 tv

207 165 257 179 ctum.
271 162 306 179 Non
318 162 361 178 enim
372 162 447 180 dicimus,
461 162 502 178 Deus
514 166 546 177 non
558 163 582 177 est
589 161 602 177 Δ
630 162 657 177 His
668 162 733 178 demum
745 167 790 178 saera
801 162 890 184 Scriptura,
900 163 948 184 cuius
959 168 988 179 au-

207 187 238 205 leo,
246 188 288 203 Deus
295 192 327 203 non
337 189 361 203 est
370 187 416 207 lapis,
424 188 490 207 propter
498 191 581 202 excessum

207 217 235 228 reu
247 212 361 227 abundantiam
376 211 456 227 leonitatis
467 213 484 227 et
496 211 582 231 lapiditatis

207 236 223 252 in
233 241 258 255 eo,
268 236 296 252 sed
307 238 373 257 propter
383 236 463 252 desectum
473 240 476 251 z
485 236 518 251 imo
528 236 582 251 verius

207 261 289 282 magisque
297 261 362 282 proprie
372 263 450 281 negantur
459 260 479 276 de
490 260 522 276 Deo
533 265 581 281 quarn

205 286 309 302 affirmentur
323 285 342 301 de
358 285 398 306 ipso,
413 285 461 301 etiarn
476 285 515 300 dum
529 284 581 300 solum

207 310 294 331 inquiritur
310 312 358 331 atque
372 310 449 326 asseritur
463 310 483 325 de
497 309 529 325 Deo
544 309 582 330 quia

206 337 235 351 est.
251 335 282 351 Sed
297 340 333 356 qum
348 335 413 356 proprie
428 334 460 350 Deo
478 334 581 352 conveniunt,

207 364 236 381 per
243 364 327 375 excessum
336 359 432 375 auferuntur
441 359 460 374 de
472 359 507 379 ipso
515 363 518 374 τ
527 363 582 379 quem-

206 384 293 400 admodum
305 384 358 404 primo
368 383 438 404 capitulo
449 383 469 399 de
481 383 543 399 Divinis
555 387 582 398 no-

208 408 285 427 minihus,
301 408 359 424 ultimo
375 412 439 428 quoque
455 407 524 428 Mystieae
539 407 582 423 theo-

207 433 253 454 logi„
268 433 344 453 capitulo,
357 433 442 453 Dionysius
453 432 527 450 adstruit,
539 432 581 452 quod

206 458 248 474 Deus
256 462 288 473 uon
296 459 320 473 est
330 462 376 473 mens
385 462 437 477 neque
448 457 544 475 intellectus,
552 461 581 472 nee
591 456 603 471 B
610 458 626 472 et
637 456 695 472 iterum
707 457 726 472 de
739 457 801 473 Christo
813 457 882 473 habetur
893 462 896 473 ι
910 458 947 474 Erat
959 458 986 474 lux
994 462 1063 473 ,ήκω-...ι

207 482 247 498 ratio
258 487 288 498 nec
297 482 381 502 sapientia,
390 486 420 497 nee
430 481 490 497 bouum
497 486 527 497 nee
538 481 582 497 boni-

206 508 235 525 tas,
249 511 278 522 nee
291 506 333 522 Deus
345 511 374 522 nee
386 506 466 522 divinitas.
479 506 531 524 Ouum
544 510 581 526 ergo

206 531 324 547 sacratissimus
332 531 416 552 Dionysius
426 532 473 551 neget
482 535 510 546 seu
520 531 582 546 auferat

207 556 261 572 lumen
274 556 294 571 de
305 556 338 571 Deo
349 558 415 576 propter
426 560 515 573 excessum,
526 555 581 571 dicens

207 580 250 601 quod
258 580 300 596 Deus
307 582 331 596 est
339 580 395 600 caligo,
404 580 419 595 id
426 582 450 596 est
457 580 525 600 privatio
535 579 581 598 lueis,

207 605 342 625 quemadmodum
352 604 383 620 alia
393 604 468 625 praedicta
478 604 498 620 de
510 604 544 625 ipso
555 609 582 619 ne-

207 630 255 650 gavit,
268 629 320 650 palam
334 631 357 645 est
372 629 447 650 quoni-in
460 633 479 645 eo
491 629 538 644 modo
551 633 582 649 quo

208 654 235 669 illa
250 654 282 670 Deo
297 654 361 674 proprie
376 653 514 674 essentialiterque
526 658 583 669 eonve-

208 678 260 696 niuut,
268 678 323 694 lumen
331 682 395 699 quoque
402 682 430 693 seu
439 678 466 693 lux
477 678 541 698 proprie
551 677 581 693 sibi

207 703 297 718 conveniat,
303 702 337 718 Nou
345 707 383 723 ergo
391 702 536 723 metaphoricos&
545 707 582 718 vere

208 729 224 743 et
239 727 309 748 proprie,
322 727 355 743 imo
369 727 422 747 primo
436 728 484 747 atque
499 727 582 742 verissime

208 752 301 768 enuntietur
311 752 331 767 de
342 752 378 767 Deo.

228 776 307 797 Amplius.
316 776 331 792 in
340 778 372 792 toto
380 781 455 797 processu
464 776 540 792 librorum
549 776 584 792 Dio-

208 801 256 822 nysii,
264 803 297 817 tam
305 801 325 817 de
332 801 408 821 Angeliea
417 806 465 821 quam
476 801 495 816 de
506 800 584 816 Ecclesis-

208 826 248 842 stica
260 825 355 844 hierarchia,
366 825 451 846 Dionysius
461 825 532 841 actiones
542 825 584 841 hier-

208 850 281 866 archicas
294 850 310 865 in
322 849 374 865 tribus
390 850 477 867 constituit,
490 850 553 865 seilicet
567 850 583 865 in

209 875 309 895 purgatione,
323 874 440 890 illuminatione
451 876 467 890 et
479 874 582 895 perfectione.

209 899 235 915 Hm
243 903 281 915 vero
288 899 358 915 notiones
365 899 385 914 ad
396 899 450 914 lumen
460 899 524 919 proprie
536 899 583 919 perti-

209 926 251 940 nent.
258 924 332 944 Purgatio
339 928 414 944 namque,
421 923 518 939 illuminatio
525 925 541 939 et
549 928 584 944 per-

208 948 256 964 l'eetio
264 948 277 964 si
285 948 337 964 active
345 950 437 965 sumuntur.
445 948 464 963 ad
473 948 527 964 lumen
536 948 584 968 perti-

208 975 247 989 nent
257 973 293 993 ejus
305 973 332 994 qui
345 973 381 988 aliis
394 972 448 988 lumen
458 972 533 988 infundit.
544 972 584 988 Nam

209 998 262 1013 lumen
271 997 376 1016 infundendo,
384 997 437 1017 primo
445 999 514 1013 mentem
523 1002 532 1013 a
539 997 584 1013 dissi-

208 1022 300 1038 militudine
311 1022 448 1042 minorationeque
460 1021 501 1037 lueis
517 1024 583 1042 purgat3

610 186 674 202 ctoritas
689 187 733 202 omni
745 187 803 203 rationi
815 187 898 203 silentium
910 188 987 208 imponit,

610 210 653 226 favet
667 213 683 226 et
697 214 778 227 consonat.
792 212 818 227 Ait
830 212 874 228 enim
885 212 954 228 Ioannes
969 212 986 228 in

610 235 662 256 prima
672 240 701 251 sua
711 235 790 252 Canouiea
798 241 802 252 τ
811 237 853 252 Deus
863 237 890 253 lux
900 239 930 255 est,
938 239 954 253 et
964 239 986 252 ιε-
1001 242 1061 254 ηομ-Λ,

610 260 664 276 nebrae
671 260 686 275 in
695 265 714 276 eo
721 265 753 276 non
761 263 799 276 suut
807 261 893 280 ulloeiQuid
901 263 926 277 est
933 264 986 277 autem
995 259 1005 269 ⁵'

611 284 646 303 hoc,
658 285 699 300 Deus
710 285 736 301 lux
749 288 778 304 εει,
789 288 805 301 ει
816 286 887 302 tenebrae
896 286 912 302 in
925 291 945 302 eo
954 291 987 302 nou

610 311 647 324 sunt
655 309 695 327 ullae,
702 309 739 328 nisi,
747 310 789 325 Deus
796 312 821 325 est
829 310 855 326 lux
864 310 940 331 puralEt
947 311 987 331 quid

610 335 640 352 εει,
648 334 690 349 Deus
700 336 724 349 est
736 334 763 350 lux
774 339 820 355 pura,
828 335 860 350 nisi
871 335 910 356 quia
920 337 987 351 eatenus

611 360 667 374 natura
674 358 715 374 lueis
722 359 797 374 convenit
805 359 837 375 Deo
846 359 913 375 sublimi
924 362 940 376 et
951 365 987 376 san>

611 385 641 401 cto,
653 383 696 403 quod
708 383 748 399 nihil
761 383 780 399 de
793 386 850 399 nutura
863 384 894 400 luei
907 384 987 405 contraria

610 408 684 428 congruit
694 407 737 423 sibit
748 408 790 428 quod
802 413 834 424 non
845 411 893 427 esset,
903 409 935 425 nisi
946 409 987 425 mul-

610 434 645 447 tum
658 432 722 452 proprie
733 432 760 448 lux
771 432 852 448 diceretur
862 433 882 449 de
893 433 930 449 Deo.
942 433 987 449 Unde

610 486 647 496 vera
655 486 690 501 quae
698 481 779 497 illuminat
785 486 850 498 omnem
858 482 946 498 hominem.
955 482 987 498 Cur

610 508 663 521 autem
671 505 691 521 de
697 506 757 522 Ioanne
765 506 834 527 Baptista
842 507 948 527 praehabitum
956 509 986 526 est,

610 530 643 546 Non
654 532 688 546 erat
700 530 727 546 ille
739 530 772 548 lux,
784 531 815 546 nisi
826 531 902 552 quoniam
913 532 986 548 Christus
995 536 1026 547 ’ΜΛ
1036 537 1046 547 ι.

610 559 648 570 vere
655 557 671 570 et
679 555 804 571 substantialiter
814 555 868 571 lumen
878 557 913 572 esti
921 556 961 572 Naru
971 558 987 572 et

610 579 678 594 Ioannes
693 579 748 600 utique
761 579 815 595 lumen
827 582 862 596 erat
873 585 902 601 per
915 580 986 601 proprie-

611 605 665 621 tatem,
674 604 761 619 seeundum
770 604 812 625 quod
822 604 895 620 Christus
905 605 986 626 Apostolis

611 627 690 648 loquens:
699 628 729 644 Vos
739 628 807 649 (inquit)
818 629 857 645 estis
868 629 894 645 lux
906 630 967 646 mundi.

631 652 716 671 Postremo.
726 653 809 673 responsio
820 653 884 670 Thomae
896 658 927 670 non
937 659 986 675 appa>

611 679 634 692 ret
648 677 686 692 satis
701 677 770 693 resoluta
784 678 849 698 sibique
864 678 894 699 ipsi
910 683 985 695 consona.

994 651 999 660 ι
1002 651 1013 661 ο.

610 701 649 717 Nam
657 706 706 722 super
713 702 802 717 seeundum
810 702 929 719 Sententiarum
940 705 986 719 testa·
995 709 1023 720 ,ιε-ι
1028 712 1046 719 ι...

610 728 641 744 tur,
652 726 768 747 expositionem
780 727 865 747 Augustini
878 728 898 743 de
910 728 987 748 operibus

592 752 603 768 C
610 755 638 766 sex
649 750 712 766 dierum
723 755 758 767 εεεε
769 751 845 767 subtilem
856 754 872 768 et
883 752 946 768 bouatu.
956 753 986 768 Sed

611 775 641 791 hoe
653 775 684 791 diei
697 780 728 791 non
741 777 798 796 potest,
809 776 840 792 nisi
853 776 880 793 lux
893 777 957 798 proprie
970 777 986 793 in

611 800 721 820 spiritualibus
736 805 771 816 esse
786 800 849 817 dicotur
861 806 865 817 τ
880 802 923 822 quod
937 802 986 818 etiam

611 824 678 840 Thomas
696 824 758 840 latetur⁴
775 825 825 841 Aliter
839 830 909 846 namque
925 827 987 847 exposi-

611 849 634 864 tio
650 849 734 869 Augustini
752 854 784 865 nou
801 852 844 865 esset
863 850 942 869 litteralis,
959 852 987 867 sed

612 874 679 894 mystica
692 878 695 889 :
709 874 746 894 quia
761 879 789 895 per
804 874 856 890 lucem
871 875 947 896 intelligit
960 881 987 891 na-

611 900 663 914 turam
680 898 775 918 angelicam,
793 904 822 919 per
837 899 879 915 diem
897 905 935 916 vero
951 900 988 921 ejus

612 923 691 938 notitiam.
701 923 753 941 Quum
765 928 803 944 ergo
813 924 882 940 Thomas
892 929 935 940 nune
944 925 987 940 dieat

612 947 707 968 positionem
715 948 794 963 Ambrosii
802 948 886 969 aptiorem,
895 954 938 965 nune
949 954 988 965 vero

612 972 627 987 id
635 974 695 988 asserat
702 977 721 988 ex
729 977 761 992 quo
768 973 841 993 sequitur
850 973 935 993 Augustini
946 974 987 995 posi-

611 997 671 1012 tionem
684 1001 719 1012 esse
732 1001 791 1015 veram,
803 1001 834 1013 non
847 998 910 1013 videtur
922 998 987 1015 sibimet

612 1025 696 1037 consonus>
705 1021 818 1037 Verumtamen
828 1022 859 1038 hoe
870 1022 908 1038 satis
918 1022 988 1039 faciliter

208 1047 264 1067 sieque
272 1048 355 1067 purgatam
363 1046 469 1065 illuminat,et
476 1046 582 1062 illuminatam
592 1046 604 1062 D
612 1046 652 1061 solvi
664 1048 721 1066 potest,
732 1048 748 1061 et
758 1046 796 1064 diei,
808 1047 850 1067 quod
862 1049 878 1063 et
889 1052 945 1063 verum
956 1050 986 1066 est,

208 1072 285 1087 contiuuo
293 1071 362 1092 perlicit.
368 1071 394 1086 13ae
400 1075 469 1091 namque
476 1071 546 1086 actiones
552 1075 583 1087 non

208 1100 273 1116 semper
285 1095 348 1111 realiter
359 1095 484 1115 distinguuntur,
498 1097 515 1110 ut
527 1095 585 1111 asserit.

208 1120 277 1136 Thomas
287 1122 303 1136 et
312 1125 368 1136 verum
377 1122 406 1138 est,
415 1120 442 1135 sed
453 1119 513 1135 ratione
521 1122 583 1136 tautum

208 1145 309 1166 quaudoque.
318 1145 334 1160 Si
345 1149 383 1160 vero
392 1145 492 1165 operationes
504 1144 537 1160 istae
548 1149 582 1165 pas-

207 1170 241 1186 sive
251 1171 342 1187 sumuntur,
351 1169 440 1190 respiciunt
448 1169 501 1184 lumen
510 1169 546 1189 ejus
554 1169 581 1189 qui

206 1194 226 1210 ab
237 1193 346 1210 illuminatore
358 1193 459 1209 influentiam
470 1193 532 1214 recipit.
544 1193 581 1209 Tam

206 1219 271 1240 proprie
281 1223 319 1238 ergo
328 1220 344 1234 et
354 1222 391 1234 vere
402 1218 456 1233 lumen
466 1218 542 1233 convenit
550 1218 581 1234 Deo

205 1246 221 1259 et
231 1243 298 1263 angelis,
306 1247 354 1263 quam
363 1247 400 1258 vere
409 1244 426 1258 et
436 1242 500 1263 proprie
510 1242 581 1258 notiones

206 1267 309 1284 hierarchieae
323 1267 362 1288 ipsis
376 1267 474 1282 conveniunt
486 1271 490 1282 :
503 1272 538 1287 quae
551 1267 581 1282 uti-

205 1298 243 1314 que,
253 1292 343 1308 secundum
356 1291 456 1315 Dionysium,
470 1291 580 1312 propriissime

205 1319 253 1338 atque
264 1316 348 1333 verissime
358 1318 451 1337 competunt
461 1316 489 1332 eis.

611 1070 674 1086 scilieet
684 1070 726 1091 quod
737 1071 805 1086 Thomna
819 1076 850 1087 non
863 1072 933 1088 multum
945 1077 987 1088 asse>

611 1095 661 1111 rendo
672 1095 712 1111 dicit
723 1095 766 1116 quod
778 1095 822 1111 dicit.
834 1096 870 1112 ldeo
882 1101 952 1118 namque
964 1102 988 1113 re-

610 1119 691 1140 spondens
700 1120 775 1135 :Videtur
781 1120 849 1141 (inquit)
856 1121 915 1141 positio
921 1121 988 1138 Ambro-

610 1144 630 1159 sii
643 1144 699 1160 verior⁴
710 1144 740 1160 Sed
753 1145 769 1160 in
781 1145 812 1160 hoe
824 1145 839 1161 ei
851 1146 942 1162 consentire
954 1151 986 1162 nnn
1016 1146 1019 1148 ’

610 1169 661 1184 audeo
667 1169 740 1189 (propter
747 1169 842 1189 prehabiu)
849 1170 891 1190 quod
901 1170 940 1186 dicit
952 1171 987 1187 Dio-

610 1193 673 1214 nysium
682 1193 697 1209 id
708 1193 771 1212 dixisse,
779 1194 822 1214 quod
832 1194 859 1210 lux
870 1199 901 1210 non
912 1195 943 1211 nisi
954 1200 986 1212 me-

609 1218 691 1238 taphorice
702 1218 813 1238 spiritualibus
824 1219 903 1235 convenit.

629 1242 682 1258 Nihilo
689 1243 743 1258 miuus
751 1242 836 1263 Dionysius
843 1243 887 1262 dicit,
892 1244 935 1265 quod
943 1245 985 1261 Deus
1001 1252 1019 1263 n.
1028 1253 1065 1264 nm...

609 1266 682 1283 laudatur
696 1269 714 1282 ut
728 1267 783 1283 lumen
797 1267 840 1283 sicut
854 1273 883 1288 per
898 1268 984 1289 imaginem
992 1271 1061 1280 ”¹¹¹*‘-¹*·

609 1292 625 1308 in
636 1296 667 1312 qua
679 1291 736 1308 veritas
748 1291 795 1308 lucet.
807 1292 851 1311 Quod
862 1292 885 1308 sie
896 1293 969 1314 intelligo
979 1299 983 1310 :

608 1317 658 1332 Deum
667 1316 749 1332 leudamus
759 1317 801 1332 sieut
811 1321 849 1333 eum
860 1318 983 1339 eognoscimus3

1002 634 1048 645 ,ΙΙ-ιιι.
1053 638 1063 646 v.
