<?xml version="1.0" encoding="UTF-8"?>
<!DOCTYPE html PUBLIC "-//W3C//DTD XHTML 1.0 Transitional//EN"
    "http://www.w3.org/TR/xhtml1/DTD/xhtml1-transitional.dtd">
<html xmlns="http://www.w3.org/1999/xhtml" xml:lang="en" lang="en">
 <head>
  <title>
</title>
<meta http-equiv="Content-Type" content="text/html;charset=utf-8" />
  <meta name='ocr-system' content='tesseract 3.04.00' />
  <meta name='ocr-capabilities' content='ocr_page ocr_carea ocr_par ocr_line ocrx_word'/>
</head>
<body>
  <div class='ocr_page' id='page_1' title='image "./doctorisecstati10unkngoog/doctorisecstati10unkngoog_0059.png"; bbox 0 0 1083 1563; ppageno 0'>
   <div class='ocr_carea' id='block_1_1' title="bbox 212 112 806 129">
    <p class='ocr_par' dir='ltr' id='par_1_1' title="bbox 212 112 806 129">
     <span class='ocr_line' id='line_1_1' title="bbox 212 112 806 129; baseline -0.002 0"><span class='ocrx_word' id='word_1_1' title='bbox 212 112 233 129; x_wconf 72' lang='lat'><strong>50</strong></span> <span class='ocrx_word' id='word_1_2' title='bbox 399 117 419 129; x_wconf 84' lang='lat' dir='ltr'><strong>na</strong></span> <span class='ocrx_word' id='word_1_3' title='bbox 429 117 491 129; x_wconf 68' lang='grc'><strong>11111111</strong></span> <span class='ocrx_word' id='word_1_4' title='bbox 503 116 563 129; x_wconf 60' lang='lat' dir='ltr'><strong>amm</strong></span> <span class='ocrx_word' id='word_1_5' title='bbox 573 116 592 129; x_wconf 69' lang='lat' dir='ltr'><strong>er</strong></span> <span class='ocrx_word' id='word_1_6' title='bbox 602 116 638 129; x_wconf 78' lang='lat' dir='ltr'><strong>vm</strong></span> <span class='ocrx_word' id='word_1_7' title='bbox 649 117 680 128; x_wconf 80' lang='grc'><strong>11111.</strong></span> <span class='ocrx_word' id='word_1_8' title='bbox 691 121 712 124; x_wconf 97' lang='grc'>-</span> <span class='ocrx_word' id='word_1_9' title='bbox 722 117 756 129; x_wconf 63' lang='lat' dir='ltr'><strong>aar.</strong></span> <span class='ocrx_word' id='word_1_10' title='bbox 768 117 806 129; x_wconf 84' lang='lat' dir='ltr'><strong>xxix</strong></span> 
     </span>
    </p>
   </div>
   <div class='ocr_carea' id='block_1_2' title="bbox 211 159 988 181">
    <p class='ocr_par' dir='ltr' id='par_1_2' title="bbox 211 159 988 181">
     <span class='ocr_line' id='line_1_2' title="bbox 211 159 988 181; baseline -0.001 -5"><span class='ocrx_word' id='word_1_11' title='bbox 211 160 276 179; x_wconf 81' lang='lat' dir='ltr'><strong>cedens,</strong></span> <span class='ocrx_word' id='word_1_12' title='bbox 282 160 309 176; x_wconf 74' lang='lat' dir='ltr'><strong>sed</strong></span> <span class='ocrx_word' id='word_1_13' title='bbox 317 164 382 181; x_wconf 85' lang='lat' dir='ltr'><strong>prorsus</strong></span> <span class='ocrx_word' id='word_1_14' title='bbox 389 162 473 178; x_wconf 65' lang='lat' dir='ltr'><strong>aternum,</strong></span> <span class='ocrx_word' id='word_1_15' title='bbox 479 164 498 176; x_wconf 90' lang='lat' dir='ltr'><strong>eo</strong></span> <span class='ocrx_word' id='word_1_16' title='bbox 505 159 586 180; x_wconf 87' lang='lat' dir='ltr'><strong>(inquam)</strong></span> <span class='ocrx_word' id='word_1_17' title='bbox 593 159 606 175; x_wconf 76' lang='lat' dir='ltr'>A</span> <span class='ocrx_word' id='word_1_18' title='bbox 615 159 644 175; x_wconf 76' lang='lat' dir='ltr'><strong>bns</strong></span> <span class='ocrx_word' id='word_1_19' title='bbox 654 161 707 175; x_wconf 84' lang='lat' dir='ltr'><strong>autern</strong></span> <span class='ocrx_word' id='word_1_20' title='bbox 719 159 791 180; x_wconf 73' lang='lat' dir='ltr'><strong>capabile</strong></span> <span class='ocrx_word' id='word_1_21' title='bbox 806 161 831 175; x_wconf 75' lang='lat' dir='ltr'><strong>est</strong></span> <span class='ocrx_word' id='word_1_22' title='bbox 844 161 861 175; x_wconf 93' lang='lat' dir='ltr'><strong>et</strong></span> <span class='ocrx_word' id='word_1_23' title='bbox 875 159 988 180; x_wconf 71' lang='lat' dir='ltr'>cognoscibile.</span> 
     </span>
    </p>
   </div>
   <div class='ocr_carea' id='block_1_3' title="bbox 209 184 586 450">
    <p class='ocr_par' dir='ltr' id='par_1_3' title="bbox 209 184 586 450">
     <span class='ocr_line' id='line_1_3' title="bbox 211 184 586 205; baseline 0 -5"><span class='ocrx_word' id='word_1_24' title='bbox 211 184 246 205; x_wconf 76' lang='lat' dir='ltr'><strong>ipso</strong></span> <span class='ocrx_word' id='word_1_25' title='bbox 252 184 293 200; x_wconf 82' lang='lat' dir='ltr'><strong>Deus</strong></span> <span class='ocrx_word' id='word_1_26' title='bbox 301 184 373 200; x_wconf 81' lang='lat' dir='ltr'><strong>sublimis</strong></span> <span class='ocrx_word' id='word_1_27' title='bbox 381 186 397 200; x_wconf 87' lang='lat' dir='ltr'><strong>et</strong></span> <span class='ocrx_word' id='word_1_28' title='bbox 403 185 482 205; x_wconf 78' lang='lat' dir='ltr'><strong>gloriosus</strong></span> <span class='ocrx_word' id='word_1_29' title='bbox 489 186 513 200; x_wconf 76' lang='lat' dir='ltr'><strong>est</strong></span> <span class='ocrx_word' id='word_1_30' title='bbox 521 188 586 205; x_wconf 82' lang='lat' dir='ltr'><strong>prorsus</strong></span> 
     </span>
     <span class='ocr_line' id='line_1_4' title="bbox 210 209 586 230; baseline -0.003 -5"><span class='ocrx_word' id='word_1_31' title='bbox 210 209 279 229; x_wconf 73' lang='lat' dir='ltr'><strong>ignotus.</strong></span> <span class='ocrx_word' id='word_1_32' title='bbox 290 209 464 230; x_wconf 81' lang='lat' dir='ltr'><strong>incomprehensibilis,</strong></span> <span class='ocrx_word' id='word_1_33' title='bbox 474 209 586 229; x_wconf 83' lang='lat' dir='ltr'><strong>imperscruta-</strong></span> 
     </span>
     <span class='ocr_line' id='line_1_5' title="bbox 209 233 586 254; baseline 0 -5"><span class='ocrx_word' id='word_1_34' title='bbox 209 233 253 252; x_wconf 79' lang='lat' dir='ltr'><strong>bilis,</strong></span> <span class='ocrx_word' id='word_1_35' title='bbox 265 234 357 252; x_wconf 75' lang='lat' dir='ltr'><strong>invisibilis,</strong></span> <span class='ocrx_word' id='word_1_36' title='bbox 366 233 477 249; x_wconf 79' lang='lat' dir='ltr'><strong>inenarrabilis</strong></span> <span class='ocrx_word' id='word_1_37' title='bbox 489 234 586 254; x_wconf 72' lang='lat' dir='ltr'><strong>penitusque</strong></span> 
     </span>
     <span class='ocr_line' id='line_1_6' title="bbox 210 258 585 275; baseline 0 -1"><span class='ocrx_word' id='word_1_38' title='bbox 210 258 285 274; x_wconf 75' lang='lat' dir='ltr'><strong>nescitus.</strong></span> <span class='ocrx_word' id='word_1_39' title='bbox 298 259 341 275; x_wconf 90' lang='lat' dir='ltr'><strong>Unde</strong></span> <span class='ocrx_word' id='word_1_40' title='bbox 354 259 370 274; x_wconf 93' lang='lat' dir='ltr'><strong>in</strong></span> <span class='ocrx_word' id='word_1_41' title='bbox 383 258 424 274; x_wconf 85' lang='lat' dir='ltr'><strong>libro</strong></span> <span class='ocrx_word' id='word_1_42' title='bbox 436 258 456 274; x_wconf 91' lang='lat' dir='ltr'><strong>de</strong></span> <span class='ocrx_word' id='word_1_43' title='bbox 468 258 524 274; x_wconf 84' lang='lat' dir='ltr'><strong>Causis</strong></span> <span class='ocrx_word' id='word_1_44' title='bbox 538 258 585 274; x_wconf 83' lang='lat' dir='ltr'><strong>habe-</strong></span> 
     </span>
     <span class='ocr_line' id='line_1_7' title="bbox 210 283 586 304; baseline -0.003 -5"><span class='ocrx_word' id='word_1_45' title='bbox 210 284 248 298; x_wconf 78' lang='lat' dir='ltr'><strong>tur:</strong></span> <span class='ocrx_word' id='word_1_46' title='bbox 260 283 310 299; x_wconf 79' lang='lat' dir='ltr'><strong>Causa</strong></span> <span class='ocrx_word' id='word_1_47' title='bbox 317 283 369 304; x_wconf 78' lang='lat' dir='ltr'><strong>prima</strong></span> <span class='ocrx_word' id='word_1_48' title='bbox 379 285 403 299; x_wconf 82' lang='lat' dir='ltr'><strong>est</strong></span> <span class='ocrx_word' id='word_1_49' title='bbox 413 283 486 304; x_wconf 85' lang='lat' dir='ltr'><strong>superior</strong></span> <span class='ocrx_word' id='word_1_50' title='bbox 496 283 540 298; x_wconf 89' lang='lat' dir='ltr'><strong>omni</strong></span> <span class='ocrx_word' id='word_1_51' title='bbox 551 287 586 298; x_wconf 62' lang='lat' dir='ltr'><strong>nar&lt;</strong></span> 
     </span>
     <span class='ocr_line' id='line_1_8' title="bbox 210 307 585 328; baseline 0 -5"><span class='ocrx_word' id='word_1_52' title='bbox 210 307 276 326; x_wconf 77' lang='lat' dir='ltr'><strong>ratione,</strong></span> <span class='ocrx_word' id='word_1_53' title='bbox 287 307 363 328; x_wconf 86' lang='lat' dir='ltr'><strong>quoniam</strong></span> <span class='ocrx_word' id='word_1_54' title='bbox 375 307 410 328; x_wconf 77' lang='lat' dir='ltr'><strong>ipsa</strong></span> <span class='ocrx_word' id='word_1_55' title='bbox 422 309 447 323; x_wconf 79' lang='lat' dir='ltr'><strong>est</strong></span> <span class='ocrx_word' id='word_1_56' title='bbox 459 312 508 328; x_wconf 80' lang='lat' dir='ltr'><strong>supra</strong></span> <span class='ocrx_word' id='word_1_57' title='bbox 520 311 585 323; x_wconf 88' lang='lat' dir='ltr'><strong>omnem</strong></span> 
     </span>
     <span class='ocr_line' id='line_1_9' title="bbox 210 332 586 352; baseline 0 -5"><span class='ocrx_word' id='word_1_58' title='bbox 210 336 280 351; x_wconf 79' lang='lat' dir='ltr'><strong>causam,</strong></span> <span class='ocrx_word' id='word_1_59' title='bbox 292 334 308 348; x_wconf 82' lang='lat' dir='ltr'><strong>et</strong></span> <span class='ocrx_word' id='word_1_60' title='bbox 318 337 350 348; x_wconf 90' lang='lat' dir='ltr'><strong>non</strong></span> <span class='ocrx_word' id='word_1_61' title='bbox 362 334 435 348; x_wconf 82' lang='lat' dir='ltr'><strong>narratur</strong></span> <span class='ocrx_word' id='word_1_62' title='bbox 447 332 478 348; x_wconf 89' lang='lat' dir='ltr'><strong>nisi</strong></span> <span class='ocrx_word' id='word_1_63' title='bbox 490 336 518 352; x_wconf 84' lang='lat' dir='ltr'><strong>per</strong></span> <span class='ocrx_word' id='word_1_64' title='bbox 530 336 586 347; x_wconf 73' lang='lat' dir='ltr'><strong>causas</strong></span> 
     </span>
     <span class='ocr_line' id='line_1_10' title="bbox 210 356 586 377; baseline 0 -5"><span class='ocrx_word' id='word_1_65' title='bbox 210 356 294 375; x_wconf 76' lang='lat' dir='ltr'><strong>secundas,</strong></span> <span class='ocrx_word' id='word_1_66' title='bbox 302 361 337 377; x_wconf 79' lang='lat' dir='ltr'><strong>quae</strong></span> <span class='ocrx_word' id='word_1_67' title='bbox 345 356 457 372; x_wconf 88' lang='lat' dir='ltr'><strong>illuminantur</strong></span> <span class='ocrx_word' id='word_1_68' title='bbox 464 361 473 372; x_wconf 81' lang='lat' dir='ltr'><strong>a</strong></span> <span class='ocrx_word' id='word_1_69' title='bbox 481 356 542 372; x_wconf 85' lang='lat' dir='ltr'><strong>lumine</strong></span> <span class='ocrx_word' id='word_1_70' title='bbox 549 360 586 372; x_wconf 79' lang='lat' dir='ltr'><strong>cau-</strong></span> 
     </span>
     <span class='ocr_line' id='line_1_11' title="bbox 210 380 585 401; baseline 0 -5"><span class='ocrx_word' id='word_1_71' title='bbox 210 385 231 396; x_wconf 74' lang='lat' dir='ltr'><strong>sae</strong></span> <span class='ocrx_word' id='word_1_72' title='bbox 242 381 303 401; x_wconf 65' lang='lat' dir='ltr'><strong>prime.</strong></span> <span class='ocrx_word' id='word_1_73' title='bbox 316 380 366 397; x_wconf 78' lang='lat' dir='ltr'><strong>Causa</strong></span> <span class='ocrx_word' id='word_1_74' title='bbox 377 380 421 396; x_wconf 89' lang='lat' dir='ltr'><strong>enim</strong></span> <span class='ocrx_word' id='word_1_75' title='bbox 432 380 484 401; x_wconf 88' lang='lat' dir='ltr'><strong>prima</strong></span> <span class='ocrx_word' id='word_1_76' title='bbox 495 382 519 396; x_wconf 80' lang='lat' dir='ltr'><strong>est</strong></span> <span class='ocrx_word' id='word_1_77' title='bbox 531 380 585 396; x_wconf 91' lang='lat' dir='ltr'><strong>lumen</strong></span> 
     </span>
     <span class='ocr_line' id='line_1_12' title="bbox 210 405 585 426; baseline -0.003 -5"><span class='ocrx_word' id='word_1_78' title='bbox 210 410 275 426; x_wconf 79' lang='lat' dir='ltr'><strong>purum,</strong></span> <span class='ocrx_word' id='word_1_79' title='bbox 283 410 332 426; x_wconf 84' lang='lat' dir='ltr'><strong>supra</strong></span> <span class='ocrx_word' id='word_1_80' title='bbox 339 405 382 426; x_wconf 79' lang='lat' dir='ltr'><strong>quod</strong></span> <span class='ocrx_word' id='word_1_81' title='bbox 390 409 422 420; x_wconf 91' lang='lat' dir='ltr'><strong>non</strong></span> <span class='ocrx_word' id='word_1_82' title='bbox 430 407 455 421; x_wconf 76' lang='lat' dir='ltr'><strong>est</strong></span> <span class='ocrx_word' id='word_1_83' title='bbox 464 405 507 421; x_wconf 91' lang='lat' dir='ltr'><strong>aliud</strong></span> <span class='ocrx_word' id='word_1_84' title='bbox 517 405 572 420; x_wconf 92' lang='lat' dir='ltr'><strong>lumen</strong></span> <span class='ocrx_word' id='word_1_85' title='bbox 581 409 585 420; x_wconf 80' lang='lat' dir='ltr'><em>z</em></span> 
     </span>
     <span class='ocr_line' id='line_1_13' title="bbox 210 429 584 450; baseline 0 -5"><span class='ocrx_word' id='word_1_86' title='bbox 210 430 246 446; x_wconf 88' lang='lat' dir='ltr'><strong>ideo</strong></span> <span class='ocrx_word' id='word_1_87' title='bbox 257 430 293 450; x_wconf 74' lang='lat' dir='ltr'><strong>ipsa</strong></span> <span class='ocrx_word' id='word_1_88' title='bbox 304 434 335 445; x_wconf 91' lang='lat' dir='ltr'><strong>non</strong></span> <span class='ocrx_word' id='word_1_89' title='bbox 347 429 448 445; x_wconf 91' lang='lat' dir='ltr'><strong>illuminatur</strong></span> <span class='ocrx_word' id='word_1_90' title='bbox 457 434 466 445; x_wconf 91' lang='lat' dir='ltr'><strong>a</strong></span> <span class='ocrx_word' id='word_1_91' title='bbox 477 429 538 445; x_wconf 88' lang='lat' dir='ltr'><strong>lumine</strong></span> <span class='ocrx_word' id='word_1_92' title='bbox 548 429 584 445; x_wconf 84' lang='lat' dir='ltr'><strong>alio.</strong></span> 
     </span>
    </p>
   </div>
   <div class='ocr_carea' id='block_1_4' title="bbox 614 184 991 426">
    <p class='ocr_par' dir='ltr' id='par_1_4' title="bbox 614 184 991 426">
     <span class='ocr_line' id='line_1_14' title="bbox 614 184 990 205; baseline -0.003 -5"><span class='ocrx_word' id='word_1_93' title='bbox 614 184 679 205; x_wconf 76' lang='lat' dir='ltr'><strong>Propter</strong></span> <span class='ocrx_word' id='word_1_94' title='bbox 688 184 737 205; x_wconf 78' lang='lat' dir='ltr'><strong>quod,</strong></span> <span class='ocrx_word' id='word_1_95' title='bbox 747 184 799 200; x_wconf 88' lang='lat' dir='ltr'><strong>solum</strong></span> <span class='ocrx_word' id='word_1_96' title='bbox 810 184 881 205; x_wconf 85' lang='lat' dir='ltr'><strong>primum</strong></span> <span class='ocrx_word' id='word_1_97' title='bbox 891 186 916 200; x_wconf 80' lang='lat' dir='ltr'><strong>est</strong></span> <span class='ocrx_word' id='word_1_98' title='bbox 924 184 990 204; x_wconf 83' lang='lat' dir='ltr'><strong>penitus</strong></span> 
     </span>
     <span class='ocr_line' id='line_1_15' title="bbox 614 208 990 229; baseline 0 -5"><span class='ocrx_word' id='word_1_99' title='bbox 614 209 692 229; x_wconf 75' lang='lat' dir='ltr'><strong>ignotum,</strong></span> <span class='ocrx_word' id='word_1_100' title='bbox 703 210 778 229; x_wconf 85' lang='lat' dir='ltr'><strong>tanquam</strong></span> <span class='ocrx_word' id='word_1_101' title='bbox 791 208 869 229; x_wconf 66' lang='grc' dir='ltr'><strong>ἂμέθιιτον</strong></span> <span class='ocrx_word' id='word_1_102' title='bbox 880 213 909 224; x_wconf 79' lang='lat' dir='ltr'><strong>ens</strong></span> <span class='ocrx_word' id='word_1_103' title='bbox 923 213 951 224; x_wconf 85' lang='lat' dir='ltr'><strong>seu</strong></span> <span class='ocrx_word' id='word_1_104' title='bbox 967 208 990 224; x_wconf 90' lang='lat' dir='ltr'><strong>in-</strong></span> 
     </span>
     <span class='ocr_line' id='line_1_16' title="bbox 614 233 990 254; baseline -0.003 -5"><span class='ocrx_word' id='word_1_105' title='bbox 614 235 702 249; x_wconf 80' lang='lat' dir='ltr'><strong>causatum.</strong></span> <span class='ocrx_word' id='word_1_106' title='bbox 714 233 781 249; x_wconf 83' lang='lat' dir='ltr'><strong>Causam</strong></span> <span class='ocrx_word' id='word_1_107' title='bbox 791 237 856 254; x_wconf 76' lang='lat' dir='ltr'><strong>quoque</strong></span> <span class='ocrx_word' id='word_1_108' title='bbox 868 233 917 253; x_wconf 73' lang='lat' dir='ltr'><strong>liujus</strong></span> <span class='ocrx_word' id='word_1_109' title='bbox 929 233 990 248; x_wconf 83' lang='lat' dir='ltr'><strong>iucom-</strong></span> 
     </span>
     <span class='ocr_line' id='line_1_17' title="bbox 614 257 990 278; baseline 0 -5"><span class='ocrx_word' id='word_1_110' title='bbox 614 257 757 278; x_wconf 81' lang='lat' dir='ltr'><strong>prehensibilitatis</strong></span> <span class='ocrx_word' id='word_1_111' title='bbox 774 258 833 274; x_wconf 67' lang='lat' dir='ltr'><strong>divium</strong></span> <span class='ocrx_word' id='word_1_112' title='bbox 853 260 913 274; x_wconf 64' lang='lat' dir='ltr'><strong>naturai</strong></span> <span class='ocrx_word' id='word_1_113' title='bbox 931 257 990 273; x_wconf 79' lang='lat' dir='ltr'><strong>clarius</strong></span> 
     </span>
     <span class='ocr_line' id='line_1_18' title="bbox 615 282 989 303; baseline 0 -5"><span class='ocrx_word' id='word_1_114' title='bbox 615 282 686 303; x_wconf 81' lang='lat' dir='ltr'><strong>pandens</strong></span> <span class='ocrx_word' id='word_1_115' title='bbox 695 287 698 298; x_wconf 75' lang='grc' dir='ltr'><em>τ</em></span> <span class='ocrx_word' id='word_1_116' title='bbox 707 282 763 298; x_wconf 79' lang='lat' dir='ltr'><strong>Omnis</strong></span> <span class='ocrx_word' id='word_1_117' title='bbox 770 282 837 303; x_wconf 83' lang='lat' dir='ltr'><strong>(inquit)</strong></span> <span class='ocrx_word' id='word_1_118' title='bbox 844 282 919 303; x_wconf 71' lang='lat' dir='ltr'><strong>cognitio,</strong></span> <span class='ocrx_word' id='word_1_119' title='bbox 927 282 989 298; x_wconf 83' lang='lat' dir='ltr'><strong>entium</strong></span> 
     </span>
     <span class='ocr_line' id='line_1_19' title="bbox 614 307 989 326; baseline 0 -4"><span class='ocrx_word' id='word_1_120' title='bbox 614 309 648 326; x_wconf 85' lang='lat' dir='ltr'><strong>est;</strong></span> <span class='ocrx_word' id='word_1_121' title='bbox 661 307 702 323; x_wconf 79' lang='lat' dir='ltr'><strong>Deus</strong></span> <span class='ocrx_word' id='word_1_122' title='bbox 714 309 768 323; x_wconf 88' lang='lat' dir='ltr'><strong>autem</strong></span> <span class='ocrx_word' id='word_1_123' title='bbox 780 309 804 323; x_wconf 82' lang='lat' dir='ltr'><strong>est</strong></span> <span class='ocrx_word' id='word_1_124' title='bbox 815 307 856 323; x_wconf 84' lang='lat' dir='ltr'><strong>ultra</strong></span> <span class='ocrx_word' id='word_1_125' title='bbox 867 307 921 323; x_wconf 84' lang='lat' dir='ltr'><strong>omnia</strong></span> <span class='ocrx_word' id='word_1_126' title='bbox 931 307 974 322; x_wconf 84' lang='lat' dir='ltr'><strong>entia</strong></span> <span class='ocrx_word' id='word_1_127' title='bbox 985 311 989 322; x_wconf 80' lang='lat' dir='ltr'>z</span> 
     </span>
     <span class='ocr_line' id='line_1_20' title="bbox 614 331 990 352; baseline 0 -5"><span class='ocrx_word' id='word_1_128' title='bbox 614 331 705 347; x_wconf 76' lang='lat' dir='ltr'><strong>nullatenus</strong></span> <span class='ocrx_word' id='word_1_129' title='bbox 713 331 767 352; x_wconf 89' lang='lat' dir='ltr'><strong>itaque</strong></span> <span class='ocrx_word' id='word_1_130' title='bbox 774 332 877 352; x_wconf 72' lang='lat' dir='ltr'><strong>agnoscibilis</strong></span> <span class='ocrx_word' id='word_1_131' title='bbox 884 333 913 348; x_wconf 74' lang='grc' dir='ltr'><strong>εει,</strong></span> <span class='ocrx_word' id='word_1_132' title='bbox 922 331 941 347; x_wconf 77' lang='lat' dir='ltr'><strong>Et</strong></span> <span class='ocrx_word' id='word_1_133' title='bbox 948 332 990 347; x_wconf 83' lang='lat' dir='ltr'><strong>bane</strong></span> 
     </span>
     <span class='ocr_line' id='line_1_21' title="bbox 614 356 991 377; baseline 0 -6"><span class='ocrx_word' id='word_1_134' title='bbox 614 356 692 372; x_wconf 84' lang='lat' dir='ltr'><strong>rationem</strong></span> <span class='ocrx_word' id='word_1_135' title='bbox 703 356 787 377; x_wconf 84' lang='lat' dir='ltr'><strong>Dionysius</strong></span> <span class='ocrx_word' id='word_1_136' title='bbox 797 356 850 377; x_wconf 88' lang='lat' dir='ltr'><strong>primo</strong></span> <span class='ocrx_word' id='word_1_137' title='bbox 860 356 930 377; x_wconf 80' lang='lat' dir='ltr'><strong>capitulo</strong></span> <span class='ocrx_word' id='word_1_138' title='bbox 938 356 957 371; x_wconf 82' lang='lat' dir='ltr'><strong>de</strong></span> <span class='ocrx_word' id='word_1_139' title='bbox 965 356 991 371; x_wconf 88' lang='lat' dir='ltr'><strong>Di-</strong></span> 
     </span>
     <span class='ocr_line' id='line_1_22' title="bbox 614 380 990 401; baseline 0 -5"><span class='ocrx_word' id='word_1_140' title='bbox 614 380 656 396; x_wconf 82' lang='lat' dir='ltr'><strong>vinis</strong></span> <span class='ocrx_word' id='word_1_141' title='bbox 669 380 768 399; x_wconf 83' lang='lat' dir='ltr'><strong>nominibus,</strong></span> <span class='ocrx_word' id='word_1_142' title='bbox 783 382 798 396; x_wconf 81' lang='lat' dir='ltr'><strong>et</strong></span> <span class='ocrx_word' id='word_1_143' title='bbox 814 380 922 396; x_wconf 81' lang='lat' dir='ltr'><strong>Damascenus</strong></span> <span class='ocrx_word' id='word_1_144' title='bbox 937 380 990 401; x_wconf 78' lang='lat' dir='ltr'><strong>primo</strong></span> 
     </span>
     <span class='ocr_line' id='line_1_23' title="bbox 614 404 989 426; baseline 0 -6"><span class='ocrx_word' id='word_1_145' title='bbox 614 404 661 423; x_wconf 83' lang='lat' dir='ltr'><strong>libro,</strong></span> <span class='ocrx_word' id='word_1_146' title='bbox 670 405 753 420; x_wconf 85' lang='lat' dir='ltr'><strong>inducunt.</strong></span> <span class='ocrx_word' id='word_1_147' title='bbox 763 405 806 421; x_wconf 82' lang='lat' dir='ltr'><strong>Unde</strong></span> <span class='ocrx_word' id='word_1_148' title='bbox 814 405 899 426; x_wconf 69' lang='lat' dir='ltr'><strong>Dionysius</strong></span> <span class='ocrx_word' id='word_1_149' title='bbox 907 405 923 420; x_wconf 93' lang='lat' dir='ltr'><strong>in</strong></span> <span class='ocrx_word' id='word_1_150' title='bbox 930 405 989 425; x_wconf 73' lang='lat' dir='ltr'><strong>episto-</strong></span> 
     </span>
    </p>
   </div>
   <div class='ocr_carea' id='block_1_5' title="bbox 615 429 1053 450">
    <p class='ocr_par' dir='ltr' id='par_1_5' title="bbox 615 429 1053 450">
     <span class='ocr_line' id='line_1_24' title="bbox 615 429 1053 450; baseline 0 -5"><span class='ocrx_word' id='word_1_151' title='bbox 615 429 629 445; x_wconf 88' lang='lat' dir='ltr'><strong>la</strong></span> <span class='ocrx_word' id='word_1_152' title='bbox 640 429 659 445; x_wconf 86' lang='lat' dir='ltr'><strong>ad</strong></span> <span class='ocrx_word' id='word_1_153' title='bbox 670 429 767 445; x_wconf 76' lang='lat' dir='ltr'><strong>Dorotheum</strong></span> <span class='ocrx_word' id='word_1_154' title='bbox 778 431 850 448; x_wconf 77' lang='lat' dir='ltr'><strong>testatur,</strong></span> <span class='ocrx_word' id='word_1_155' title='bbox 859 429 900 450; x_wconf 84' lang='lat' dir='ltr'><strong>quod</strong></span> <span class='ocrx_word' id='word_1_156' title='bbox 911 429 938 445; x_wconf 83' lang='lat' dir='ltr'><strong>lux</strong></span> <span class='ocrx_word' id='word_1_157' title='bbox 949 429 990 445; x_wconf 85' lang='lat' dir='ltr'><strong>divi—</strong></span> <span class='ocrx_word' id='word_1_158' title='bbox 996 434 1032 448; x_wconf 36' lang='lat' dir='ltr'><strong>spi-i,</strong></span> <span class='ocrx_word' id='word_1_159' title='bbox 1042 437 1053 444; x_wconf 79' lang='lat' dir='ltr'><strong>v.</strong></span> 
     </span>
    </p>
   </div>
   <div class='ocr_carea' id='block_1_6' title="bbox 230 454 990 475">
    <p class='ocr_par' dir='ltr' id='par_1_6' title="bbox 230 454 990 475">
     <span class='ocr_line' id='line_1_25' title="bbox 230 454 990 475; baseline -0.001 -5"><span class='ocrx_word' id='word_1_160' title='bbox 230 454 302 475; x_wconf 79' lang='lat' dir='ltr'><strong>Denique</strong></span> <span class='ocrx_word' id='word_1_161' title='bbox 314 454 345 470; x_wconf 76' lang='lat' dir='ltr'><strong>alia</strong></span> <span class='ocrx_word' id='word_1_162' title='bbox 359 454 399 470; x_wconf 82' lang='lat' dir='ltr'><strong>ratio</strong></span> <span class='ocrx_word' id='word_1_163' title='bbox 414 454 472 470; x_wconf 77' lang='lat' dir='ltr'><strong>divinae</strong></span> <span class='ocrx_word' id='word_1_164' title='bbox 487 454 586 474; x_wconf 60' lang='grc' dir='ltr'><strong>1111103110εοί-</strong></span> <span class='ocrx_word' id='word_1_165' title='bbox 595 454 606 470; x_wconf 84' lang='lat' dir='ltr'>B</span> <span class='ocrx_word' id='word_1_166' title='bbox 614 459 635 470; x_wconf 83' lang='lat' dir='ltr'><strong>na</strong></span> <span class='ocrx_word' id='word_1_167' title='bbox 647 456 712 474; x_wconf 83' lang='lat' dir='ltr'><strong>propter</strong></span> <span class='ocrx_word' id='word_1_168' title='bbox 723 454 748 470; x_wconf 85' lang='lat' dir='ltr'><strong>sui</strong></span> <span class='ocrx_word' id='word_1_169' title='bbox 761 454 851 475; x_wconf 82' lang='lat' dir='ltr'><strong>splendoris</strong></span> <span class='ocrx_word' id='word_1_170' title='bbox 863 454 934 474; x_wconf 73' lang='lat' dir='ltr'><strong>vigorem</strong></span> <span class='ocrx_word' id='word_1_171' title='bbox 949 454 990 470; x_wconf 87' lang='lat' dir='ltr'><strong>invi-</strong></span> 
     </span>
    </p>
   </div>
   <div class='ocr_carea' id='block_1_7' title="bbox 209 478 586 744">
    <p class='ocr_par' dir='ltr' id='par_1_7' title="bbox 209 478 586 744">
     <span class='ocr_line' id='line_1_26' title="bbox 209 478 586 499; baseline 0 -5"><span class='ocrx_word' id='word_1_172' title='bbox 209 478 283 497; x_wconf 77' lang='lat' dir='ltr'><strong>bilitatis,</strong></span> <span class='ocrx_word' id='word_1_173' title='bbox 295 481 320 494; x_wconf 87' lang='lat' dir='ltr'><strong>est</strong></span> <span class='ocrx_word' id='word_1_174' title='bbox 331 479 366 499; x_wconf 88' lang='lat' dir='ltr'><strong>ipsa</strong></span> <span class='ocrx_word' id='word_1_175' title='bbox 380 479 475 494; x_wconf 86' lang='lat' dir='ltr'><strong>excellentia</strong></span> <span class='ocrx_word' id='word_1_176' title='bbox 487 479 546 494; x_wconf 70' lang='lat' dir='ltr'><strong>divinia</strong></span> <span class='ocrx_word' id='word_1_177' title='bbox 559 483 586 494; x_wconf 81' lang='lat' dir='ltr'><strong>na-</strong></span> 
     </span>
     <span class='ocr_line' id='line_1_27' title="bbox 209 503 585 524; baseline 0.003 -6"><span class='ocrx_word' id='word_1_178' title='bbox 209 505 254 519; x_wconf 72' lang='lat' dir='ltr'><strong>tum.</strong></span> <span class='ocrx_word' id='word_1_179' title='bbox 271 503 290 519; x_wconf 89' lang='lat' dir='ltr'><strong>Ut</strong></span> <span class='ocrx_word' id='word_1_180' title='bbox 306 503 357 519; x_wconf 86' lang='lat' dir='ltr'><strong>enim-</strong></span> <span class='ocrx_word' id='word_1_181' title='bbox 365 503 429 519; x_wconf 87' lang='lat' dir='ltr'><strong>Boetius</strong></span> <span class='ocrx_word' id='word_1_182' title='bbox 446 503 497 522; x_wconf 79' lang='lat' dir='ltr'><strong>docet,</strong></span> <span class='ocrx_word' id='word_1_183' title='bbox 512 503 585 524; x_wconf 70' lang='lat' dir='ltr'><strong>quiedam</strong></span> 
     </span>
     <span class='ocr_line' id='line_1_28' title="bbox 210 528 586 548; baseline 0 -5"><span class='ocrx_word' id='word_1_184' title='bbox 210 528 317 548; x_wconf 74' lang='lat' dir='ltr'><strong>cognitionem</strong></span> <span class='ocrx_word' id='word_1_185' title='bbox 335 530 405 544; x_wconf 81' lang='lat' dir='ltr'><strong>nostram</strong></span> <span class='ocrx_word' id='word_1_186' title='bbox 423 528 504 548; x_wconf 71' lang='lat' dir='ltr'><strong>effugiunt</strong></span> <span class='ocrx_word' id='word_1_187' title='bbox 521 530 586 548; x_wconf 81' lang='lat' dir='ltr'><strong>propter</strong></span> 
     </span>
     <span class='ocr_line' id='line_1_29' title="bbox 210 552 585 573; baseline 0 -5"><span class='ocrx_word' id='word_1_188' title='bbox 210 552 235 568; x_wconf 76' lang='lat' dir='ltr'><strong>rui</strong></span> <span class='ocrx_word' id='word_1_189' title='bbox 247 557 283 568; x_wconf 85' lang='lat' dir='ltr'><strong>esse</strong></span> <span class='ocrx_word' id='word_1_190' title='bbox 295 552 440 573; x_wconf 77' lang='lat' dir='ltr'><strong>imperfectionem,</strong></span> <span class='ocrx_word' id='word_1_191' title='bbox 452 556 516 572; x_wconf 66' lang='lat' dir='ltr'><strong>suaeque</strong></span> <span class='ocrx_word' id='word_1_192' title='bbox 529 552 585 568; x_wconf 84' lang='lat' dir='ltr'><strong>entita-</strong></span> 
     </span>
     <span class='ocr_line' id='line_1_30' title="bbox 210 576 586 597; baseline 0 -5"><span class='ocrx_word' id='word_1_193' title='bbox 210 577 230 592; x_wconf 80' lang='lat' dir='ltr'><strong>tis</strong></span> <span class='ocrx_word' id='word_1_194' title='bbox 241 576 323 592; x_wconf 80' lang='lat' dir='ltr'><strong>desectum</strong></span> <span class='ocrx_word' id='word_1_195' title='bbox 334 581 362 592; x_wconf 77' lang='lat' dir='ltr'><strong>eeu</strong></span> <span class='ocrx_word' id='word_1_196' title='bbox 374 577 475 597; x_wconf 83' lang='lat' dir='ltr'><strong>parvitatem,</strong></span> <span class='ocrx_word' id='word_1_197' title='bbox 483 577 586 597; x_wconf 62' lang='lat' dir='ltr'><strong>quemadmo&lt;</strong></span> 
     </span>
     <span class='ocr_line' id='line_1_31' title="bbox 210 601 586 622; baseline 0 -5"><span class='ocrx_word' id='word_1_198' title='bbox 210 601 249 617; x_wconf 85' lang='lat' dir='ltr'><strong>dum</strong></span> <span class='ocrx_word' id='word_1_199' title='bbox 257 601 323 617; x_wconf 77' lang='lat' dir='ltr'><strong>materia</strong></span> <span class='ocrx_word' id='word_1_200' title='bbox 334 601 391 622; x_wconf 79' lang='lat' dir='ltr'><strong>prima,</strong></span> <span class='ocrx_word' id='word_1_201' title='bbox 400 603 459 619; x_wconf 82' lang='lat' dir='ltr'><strong>motus,</strong></span> <span class='ocrx_word' id='word_1_202' title='bbox 468 603 537 622; x_wconf 67' lang='lat' dir='ltr'><strong>tempus,</strong></span> <span class='ocrx_word' id='word_1_203' title='bbox 546 606 586 622; x_wconf 91' lang='lat' dir='ltr'><strong>pun-</strong></span> 
     </span>
     <span class='ocr_line' id='line_1_32' title="bbox 210 626 584 646; baseline 0 -5"><span class='ocrx_word' id='word_1_204' title='bbox 210 628 260 644; x_wconf 70' lang='lat' dir='ltr'><strong>ctum,</strong></span> <span class='ocrx_word' id='word_1_205' title='bbox 268 626 334 644; x_wconf 78' lang='lat' dir='ltr'><strong>inst-aus,</strong></span> <span class='ocrx_word' id='word_1_206' title='bbox 346 628 452 644; x_wconf 74' lang='lat' dir='ltr'><strong>momentum,</strong></span> <span class='ocrx_word' id='word_1_207' title='bbox 461 627 509 646; x_wconf 79' lang='lat' dir='ltr'><strong>atque</strong></span> <span class='ocrx_word' id='word_1_208' title='bbox 520 626 584 641; x_wconf 69' lang='lat' dir='ltr'><strong>similia⁴</strong></span> 
     </span>
     <span class='ocr_line' id='line_1_33' title="bbox 209 650 586 671; baseline 0 -5"><span class='ocrx_word' id='word_1_209' title='bbox 209 650 282 669; x_wconf 75' lang='lat' dir='ltr'><strong>ssuaedam</strong></span> <span class='ocrx_word' id='word_1_210' title='bbox 290 655 328 666; x_wconf 88' lang='lat' dir='ltr'><strong>vero</strong></span> <span class='ocrx_word' id='word_1_211' title='bbox 333 650 436 671; x_wconf 77' lang='lat' dir='ltr'><strong>capacitatem</strong></span> <span class='ocrx_word' id='word_1_212' title='bbox 443 652 511 666; x_wconf 82' lang='lat' dir='ltr'><strong>nostram</strong></span> <span class='ocrx_word' id='word_1_213' title='bbox 516 650 586 666; x_wconf 85' lang='lat' dir='ltr'><strong>evadunt</strong></span> 
     </span>
     <span class='ocr_line' id='line_1_34' title="bbox 210 675 585 695; baseline 0 -5"><span class='ocrx_word' id='word_1_214' title='bbox 210 677 276 695; x_wconf 86' lang='lat' dir='ltr'><strong>propter</strong></span> <span class='ocrx_word' id='word_1_215' title='bbox 288 679 320 691; x_wconf 69' lang='lat' dir='ltr'><strong>suaa</strong></span> <span class='ocrx_word' id='word_1_216' title='bbox 334 675 407 691; x_wconf 79' lang='lat' dir='ltr'><strong>esseutiae</strong></span> <span class='ocrx_word' id='word_1_217' title='bbox 422 675 522 695; x_wconf 73' lang='lat' dir='ltr'><strong>dignitatem,</strong></span> <span class='ocrx_word' id='word_1_218' title='bbox 535 675 585 695; x_wconf 62' lang='lat' dir='ltr'><strong>pleni&lt;</strong></span> 
     </span>
     <span class='ocr_line' id='line_1_35' title="bbox 209 699 585 720; baseline 0 -5"><span class='ocrx_word' id='word_1_219' title='bbox 209 699 282 715; x_wconf 75' lang='lat' dir='ltr'><strong>tudinem</strong></span> <span class='ocrx_word' id='word_1_220' title='bbox 293 701 310 715; x_wconf 83' lang='lat' dir='ltr'><strong>et</strong></span> <span class='ocrx_word' id='word_1_221' title='bbox 320 699 435 720; x_wconf 74' lang='lat' dir='ltr'><strong>perlectionem</strong></span> <span class='ocrx_word' id='word_1_222' title='bbox 448 704 452 715; x_wconf 83' lang='lat' dir='ltr'>z</span> <span class='ocrx_word' id='word_1_223' title='bbox 464 699 506 715; x_wconf 80' lang='lat' dir='ltr'><strong>sicut</strong></span> <span class='ocrx_word' id='word_1_224' title='bbox 515 699 585 715; x_wconf 74' lang='lat' dir='ltr'><strong>secundo</strong></span> 
     </span>
     <span class='ocr_line' id='line_1_36' title="bbox 209 724 584 744; baseline 0 -5"><span class='ocrx_word' id='word_1_225' title='bbox 209 724 266 740; x_wconf 59' lang='lat' dir='ltr'><strong>Prima</strong></span> <span class='ocrx_word' id='word_1_226' title='bbox 286 724 391 744; x_wconf 62' lang='lat' dir='ltr'><strong>philosophia</strong></span> <span class='ocrx_word' id='word_1_227' title='bbox 411 724 503 740; x_wconf 76' lang='lat' dir='ltr'><strong>Aristoteles</strong></span> <span class='ocrx_word' id='word_1_228' title='bbox 522 724 584 743; x_wconf 80' lang='lat' dir='ltr'><strong>asserit,</strong></span> 
     </span>
    </p>
   </div>
   <div class='ocr_carea' id='block_1_8' title="bbox 613 478 990 524">
    <p class='ocr_par' dir='ltr' id='par_1_8' title="bbox 613 478 990 524">
     <span class='ocr_line' id='line_1_37' title="bbox 614 478 990 499; baseline 0 -5"><span class='ocrx_word' id='word_1_229' title='bbox 614 478 666 494; x_wconf 85' lang='lat' dir='ltr'><strong>sibilis</strong></span> <span class='ocrx_word' id='word_1_230' title='bbox 676 480 704 494; x_wconf 82' lang='lat' dir='ltr'><strong>est.</strong></span> <span class='ocrx_word' id='word_1_231' title='bbox 712 478 777 499; x_wconf 80' lang='lat' dir='ltr'><strong>Propter</strong></span> <span class='ocrx_word' id='word_1_232' title='bbox 787 479 830 499; x_wconf 81' lang='lat' dir='ltr'><strong>quod</strong></span> <span class='ocrx_word' id='word_1_233' title='bbox 840 478 888 494; x_wconf 87' lang='lat' dir='ltr'><strong>etiam</strong></span> <span class='ocrx_word' id='word_1_234' title='bbox 900 478 990 499; x_wconf 81' lang='lat' dir='ltr'><strong>appellatur</strong></span> 
     </span>
     <span class='ocr_line' id='line_1_38' title="bbox 613 503 989 524; baseline 0 -6"><span class='ocrx_word' id='word_1_235' title='bbox 613 503 668 518; x_wconf 85' lang='lat' dir='ltr'><strong>divina</strong></span> <span class='ocrx_word' id='word_1_236' title='bbox 677 503 733 524; x_wconf 77' lang='lat' dir='ltr'><strong>caligo,</strong></span> <span class='ocrx_word' id='word_1_237' title='bbox 742 503 818 524; x_wconf 77' lang='lat' dir='ltr'><strong>quoniam</strong></span> <span class='ocrx_word' id='word_1_238' title='bbox 829 503 907 524; x_wconf 81' lang='lat' dir='ltr'><strong>penetrari</strong></span> <span class='ocrx_word' id='word_1_239' title='bbox 915 507 947 519; x_wconf 91' lang='lat' dir='ltr'><strong>non</strong></span> <span class='ocrx_word' id='word_1_240' title='bbox 955 505 989 524; x_wconf 79' lang='lat' dir='ltr'><strong>pot-</strong></span> 
     </span>
    </p>
   </div>
   <div class='ocr_carea' id='block_1_9' title="bbox 613 527 1062 548">
    <p class='ocr_par' dir='ltr' id='par_1_9' title="bbox 613 527 1062 548">
     <span class='ocr_line' id='line_1_39' title="bbox 613 527 1062 548; baseline 0.002 -5"><span class='ocrx_word' id='word_1_241' title='bbox 613 530 638 543; x_wconf 76' lang='lat' dir='ltr'><strong>est</strong></span> <span class='ocrx_word' id='word_1_242' title='bbox 648 532 652 543; x_wconf 67' lang='grc' dir='ltr'><em>τ</em></span> <span class='ocrx_word' id='word_1_243' title='bbox 664 528 732 548; x_wconf 82' lang='lat' dir='ltr'><strong>ideoque</strong></span> <span class='ocrx_word' id='word_1_244' title='bbox 743 528 785 543; x_wconf 85' lang='lat' dir='ltr'><strong>Deus</strong></span> <span class='ocrx_word' id='word_1_245' title='bbox 796 527 924 544; x_wconf 67' lang='lat' dir='ltr'><strong>inaccessibilem</strong></span> <span class='ocrx_word' id='word_1_246' title='bbox 935 528 989 543; x_wconf 88' lang='lat' dir='ltr'><strong>lucem</strong></span> <span class='ocrx_word' id='word_1_247' title='bbox 1003 532 1062 545; x_wconf 60' lang='lat' dir='ltr'><strong>imvm,</strong></span> 
     </span>
    </p>
   </div>
   <div class='ocr_carea' id='block_1_10' title="bbox 613 552 990 745">
    <p class='ocr_par' dir='ltr' id='par_1_10' title="bbox 614 552 811 573">
     <span class='ocr_line' id='line_1_40' title="bbox 614 552 811 573; baseline 0 -5"><span class='ocrx_word' id='word_1_248' title='bbox 614 552 702 568; x_wconf 87' lang='lat' dir='ltr'><strong>inhabitare</strong></span> <span class='ocrx_word' id='word_1_249' title='bbox 714 552 811 573; x_wconf 81' lang='lat' dir='ltr'><strong>perhibetur.</strong></span> 
     </span>
    </p>

    <p class='ocr_par' dir='ltr' id='par_1_11' title="bbox 613 577 990 745">
     <span class='ocr_line' id='line_1_41' title="bbox 634 577 989 597; baseline 0.003 -5"><span class='ocrx_word' id='word_1_250' title='bbox 634 577 701 597; x_wconf 86' lang='lat' dir='ltr'><strong>Insuper</strong></span> <span class='ocrx_word' id='word_1_251' title='bbox 711 577 742 592; x_wconf 81' lang='lat' dir='ltr'><strong>ulia</strong></span> <span class='ocrx_word' id='word_1_252' title='bbox 753 577 793 592; x_wconf 81' lang='lat' dir='ltr'><strong>ratio</strong></span> <span class='ocrx_word' id='word_1_253' title='bbox 805 577 989 597; x_wconf 77' lang='lat' dir='ltr'><strong>incomprehensibilita-</strong></span> 
     </span>
     <span class='ocr_line' id='line_1_42' title="bbox 614 601 989 622; baseline 0 -5"><span class='ocrx_word' id='word_1_254' title='bbox 614 601 634 617; x_wconf 85' lang='lat' dir='ltr'><strong>tis</strong></span> <span class='ocrx_word' id='word_1_255' title='bbox 643 601 707 619; x_wconf 79' lang='lat' dir='ltr'><strong>divinae,</strong></span> <span class='ocrx_word' id='word_1_256' title='bbox 715 603 740 617; x_wconf 80' lang='lat' dir='ltr'><strong>est</strong></span> <span class='ocrx_word' id='word_1_257' title='bbox 751 601 785 622; x_wconf 80' lang='lat' dir='ltr'><strong>ipsa</strong></span> <span class='ocrx_word' id='word_1_258' title='bbox 795 601 823 617; x_wconf 81' lang='lat' dir='ltr'><strong>Dei</strong></span> <span class='ocrx_word' id='word_1_259' title='bbox 833 601 887 617; x_wconf 72' lang='lat' dir='ltr'><strong>aeterni</strong></span> <span class='ocrx_word' id='word_1_260' title='bbox 898 603 914 617; x_wconf 88' lang='lat' dir='ltr'><strong>et</strong></span> <span class='ocrx_word' id='word_1_261' title='bbox 923 601 989 622; x_wconf 74' lang='lat' dir='ltr'><strong>gloriosi</strong></span> 
     </span>
     <span class='ocr_line' id='line_1_43' title="bbox 613 625 989 646; baseline 0 -5"><span class='ocrx_word' id='word_1_262' title='bbox 613 630 676 641; x_wconf 74' lang='lat' dir='ltr'><strong>summa</strong></span> <span class='ocrx_word' id='word_1_263' title='bbox 684 625 779 646; x_wconf 73' lang='lat' dir='ltr'><strong>simplicitas</strong></span> <span class='ocrx_word' id='word_1_264' title='bbox 788 630 792 641; x_wconf 74' lang='lat' dir='ltr'><strong>t</strong></span> <span class='ocrx_word' id='word_1_265' title='bbox 800 630 836 646; x_wconf 72' lang='lat' dir='ltr'><strong>qum</strong></span> <span class='ocrx_word' id='word_1_266' title='bbox 846 627 890 641; x_wconf 78' lang='lat' dir='ltr'><strong>tanta</strong></span> <span class='ocrx_word' id='word_1_267' title='bbox 901 628 930 644; x_wconf 92' lang='lat' dir='ltr'><strong>est,</strong></span> <span class='ocrx_word' id='word_1_268' title='bbox 938 628 957 641; x_wconf 87' lang='lat' dir='ltr'><strong>ut</strong></span> <span class='ocrx_word' id='word_1_269' title='bbox 967 626 989 641; x_wconf 95' lang='lat' dir='ltr'><strong>in-</strong></span> 
     </span>
     <span class='ocr_line' id='line_1_44' title="bbox 614 650 990 669; baseline 0 -3"><span class='ocrx_word' id='word_1_270' title='bbox 614 650 695 666; x_wconf 80' lang='lat' dir='ltr'><strong>tellectum</strong></span> <span class='ocrx_word' id='word_1_271' title='bbox 704 652 775 666; x_wconf 82' lang='lat' dir='ltr'><strong>creatum</strong></span> <span class='ocrx_word' id='word_1_272' title='bbox 785 650 877 666; x_wconf 83' lang='lat' dir='ltr'><strong>omnimode</strong></span> <span class='ocrx_word' id='word_1_273' title='bbox 884 651 942 666; x_wconf 70' lang='lat' dir='ltr'><strong>vincat⁴</strong></span> <span class='ocrx_word' id='word_1_274' title='bbox 951 651 990 669; x_wconf 81' lang='lat' dir='ltr'><strong>Quis</strong></span> 
     </span>
     <span class='ocr_line' id='line_1_45' title="bbox 613 675 990 695; baseline 0 -5"><span class='ocrx_word' id='word_1_275' title='bbox 613 675 656 690; x_wconf 86' lang='lat' dir='ltr'><strong>enim</strong></span> <span class='ocrx_word' id='word_1_276' title='bbox 668 675 712 690; x_wconf 86' lang='lat' dir='ltr'><strong>illam</strong></span> <span class='ocrx_word' id='word_1_277' title='bbox 724 677 797 690; x_wconf 80' lang='lat' dir='ltr'><strong>naturam</strong></span> <span class='ocrx_word' id='word_1_278' title='bbox 808 677 898 695; x_wconf 77' lang='lat' dir='ltr'><strong>cognoscet,</strong></span> <span class='ocrx_word' id='word_1_279' title='bbox 908 675 955 695; x_wconf 85' lang='lat' dir='ltr'><strong>cujus</strong></span> <span class='ocrx_word' id='word_1_280' title='bbox 966 680 990 691; x_wconf 65' lang='lat' dir='ltr'><strong>ea-</strong></span> 
     </span>
     <span class='ocr_line' id='line_1_46' title="bbox 613 699 988 720; baseline 0 -5"><span class='ocrx_word' id='word_1_281' title='bbox 613 699 664 715; x_wconf 83' lang='lat' dir='ltr'><strong>sentia</strong></span> <span class='ocrx_word' id='word_1_282' title='bbox 679 701 703 715; x_wconf 85' lang='lat' dir='ltr'><strong>est</strong></span> <span class='ocrx_word' id='word_1_283' title='bbox 717 704 746 715; x_wconf 78' lang='lat' dir='ltr'><strong>sua</strong></span> <span class='ocrx_word' id='word_1_284' title='bbox 760 699 812 719; x_wconf 78' lang='lat' dir='ltr'><strong>actio3</strong></span> <span class='ocrx_word' id='word_1_285' title='bbox 825 704 860 720; x_wconf 67' lang='lat' dir='ltr'><strong>quse</strong></span> <span class='ocrx_word' id='word_1_286' title='bbox 875 704 957 720; x_wconf 80' lang='lat' dir='ltr'><strong>uunquam</strong></span> <span class='ocrx_word' id='word_1_287' title='bbox 972 700 988 715; x_wconf 92' lang='lat' dir='ltr'><strong>in</strong></span> 
     </span>
     <span class='ocr_line' id='line_1_47' title="bbox 613 724 988 745; baseline 0.003 -6"><span class='ocrx_word' id='word_1_288' title='bbox 613 729 630 740; x_wconf 76' lang='lat' dir='ltr'><strong>se</strong></span> <span class='ocrx_word' id='word_1_289' title='bbox 641 724 676 745; x_wconf 80' lang='lat' dir='ltr'><strong>ipsa</strong></span> <span class='ocrx_word' id='word_1_290' title='bbox 686 724 737 740; x_wconf 81' lang='lat' dir='ltr'><strong>otiosa</strong></span> <span class='ocrx_word' id='word_1_291' title='bbox 748 726 777 742; x_wconf 80' lang='lat' dir='ltr'><strong>ost,</strong></span> <span class='ocrx_word' id='word_1_292' title='bbox 788 726 804 739; x_wconf 80' lang='grc' dir='ltr'><strong>ει</strong></span> <span class='ocrx_word' id='word_1_293' title='bbox 815 726 868 740; x_wconf 80' lang='lat' dir='ltr'><strong>tamen</strong></span> <span class='ocrx_word' id='word_1_294' title='bbox 878 724 988 745; x_wconf 82' lang='lat' dir='ltr'><strong>operationem</strong></span> 
     </span>
    </p>
   </div>
   <div class='ocr_carea' id='block_1_11' title="bbox 209 748 988 769">
    <p class='ocr_par' dir='ltr' id='par_1_12' title="bbox 209 748 988 769">
     <span class='ocr_line' id='line_1_48' title="bbox 209 748 988 769; baseline 0 -5"><span class='ocrx_word' id='word_1_295' title='bbox 209 748 247 769; x_wconf 76' lang='lat' dir='ltr'><strong>quia</strong></span> <span class='ocrx_word' id='word_1_296' title='bbox 256 748 298 764; x_wconf 79' lang='lat' dir='ltr'><strong>sicut</strong></span> <span class='ocrx_word' id='word_1_297' title='bbox 308 753 325 764; x_wconf 84' lang='lat' dir='ltr'><strong>se</strong></span> <span class='ocrx_word' id='word_1_298' title='bbox 335 748 383 764; x_wconf 85' lang='lat' dir='ltr'><strong>babet</strong></span> <span class='ocrx_word' id='word_1_299' title='bbox 393 750 456 764; x_wconf 68' lang='lat' dir='ltr'><strong>noctuas</strong></span> <span class='ocrx_word' id='word_1_300' title='bbox 465 748 509 764; x_wconf 86' lang='lat' dir='ltr'><strong>visus</strong></span> <span class='ocrx_word' id='word_1_301' title='bbox 519 748 538 764; x_wconf 89' lang='lat' dir='ltr'><strong>ad</strong></span> <span class='ocrx_word' id='word_1_302' title='bbox 546 748 584 764; x_wconf 81' lang='lat' dir='ltr'><strong>solis</strong></span> <span class='ocrx_word' id='word_1_303' title='bbox 592 749 603 765; x_wconf 87' lang='lat' dir='ltr'>C</span> <span class='ocrx_word' id='word_1_304' title='bbox 613 753 622 764; x_wconf 93' lang='lat' dir='ltr'><strong>a</strong></span> <span class='ocrx_word' id='word_1_305' title='bbox 632 748 722 764; x_wconf 83' lang='lat' dir='ltr'><strong>substantia</strong></span> <span class='ocrx_word' id='word_1_306' title='bbox 730 748 849 769; x_wconf 77' lang='lat' dir='ltr'><strong>procedentem,</strong></span> <span class='ocrx_word' id='word_1_307' title='bbox 857 748 951 764; x_wconf 83' lang='lat' dir='ltr'><strong>naturaliter</strong></span> <span class='ocrx_word' id='word_1_308' title='bbox 958 749 988 765; x_wconf 88' lang='lat' dir='ltr'><strong>sci-</strong></span> 
     </span>
    </p>
   </div>
   <div class='ocr_carea' id='block_1_12' title="bbox 208 772 586 1039">
    <p class='ocr_par' dir='ltr' id='par_1_13' title="bbox 208 772 586 1039">
     <span class='ocr_line' id='line_1_49' title="bbox 209 772 585 793; baseline 0.003 -5"><span class='ocrx_word' id='word_1_309' title='bbox 209 773 316 793; x_wconf 75' lang='lat' dir='ltr'><strong>splendorem,</strong></span> <span class='ocrx_word' id='word_1_310' title='bbox 327 773 349 788; x_wconf 81' lang='lat' dir='ltr'><strong>ita</strong></span> <span class='ocrx_word' id='word_1_311' title='bbox 360 777 377 788; x_wconf 86' lang='lat' dir='ltr'><strong>se</strong></span> <span class='ocrx_word' id='word_1_312' title='bbox 388 772 436 789; x_wconf 78' lang='lat' dir='ltr'><strong>babet</strong></span> <span class='ocrx_word' id='word_1_313' title='bbox 448 777 492 789; x_wconf 84' lang='lat' dir='ltr'><strong>meus</strong></span> <span class='ocrx_word' id='word_1_314' title='bbox 503 773 585 789; x_wconf 80' lang='lat' dir='ltr'><strong>rationalis</strong></span> 
     </span>
     <span class='ocr_line' id='line_1_50' title="bbox 208 797 586 818; baseline 0 -5"><span class='ocrx_word' id='word_1_315' title='bbox 208 797 228 813; x_wconf 87' lang='lat' dir='ltr'><strong>ad</strong></span> <span class='ocrx_word' id='word_1_316' title='bbox 236 797 367 813; x_wconf 75' lang='lat' dir='ltr'><strong>manifestissima</strong></span> <span class='ocrx_word' id='word_1_317' title='bbox 375 800 440 816; x_wconf 73' lang='lat' dir='ltr'><strong>naturae,</strong></span> <span class='ocrx_word' id='word_1_318' title='bbox 447 797 462 813; x_wconf 92' lang='lat' dir='ltr'><strong>id</strong></span> <span class='ocrx_word' id='word_1_319' title='bbox 470 799 494 813; x_wconf 75' lang='lat' dir='ltr'><strong>est</strong></span> <span class='ocrx_word' id='word_1_320' title='bbox 501 798 520 813; x_wconf 91' lang='lat' dir='ltr'><strong>ad</strong></span> <span class='ocrx_word' id='word_1_321' title='bbox 528 802 586 818; x_wconf 75' lang='lat' dir='ltr'><strong>cogno-</strong></span> 
     </span>
     <span class='ocr_line' id='line_1_51' title="bbox 209 822 586 843; baseline 0.003 -6"><span class='ocrx_word' id='word_1_322' title='bbox 209 822 285 838; x_wconf 83' lang='lat' dir='ltr'><strong>scendum</strong></span> <span class='ocrx_word' id='word_1_323' title='bbox 293 822 390 838; x_wconf 80' lang='lat' dir='ltr'><strong>substantias</strong></span> <span class='ocrx_word' id='word_1_324' title='bbox 397 824 525 843; x_wconf 73' lang='lat' dir='ltr'><strong>separataszquae</strong></span> <span class='ocrx_word' id='word_1_325' title='bbox 530 822 586 843; x_wconf 80' lang='lat' dir='ltr'><strong>(quan-</strong></span> 
     </span>
     <span class='ocr_line' id='line_1_52' title="bbox 209 847 585 867; baseline 0 -5"><span class='ocrx_word' id='word_1_326' title='bbox 209 849 244 862; x_wconf 87' lang='lat' dir='ltr'><strong>tum</strong></span> <span class='ocrx_word' id='word_1_327' title='bbox 256 847 273 862; x_wconf 94' lang='lat' dir='ltr'><strong>in</strong></span> <span class='ocrx_word' id='word_1_328' title='bbox 285 851 302 862; x_wconf 87' lang='grc' dir='ltr'><strong>εε</strong></span> <span class='ocrx_word' id='word_1_329' title='bbox 313 847 344 867; x_wconf 78' lang='lat' dir='ltr'><strong>est)</strong></span> <span class='ocrx_word' id='word_1_330' title='bbox 355 849 392 862; x_wconf 81' lang='lat' dir='ltr'><strong>sunt</strong></span> <span class='ocrx_word' id='word_1_331' title='bbox 405 847 475 863; x_wconf 88' lang='lat' dir='ltr'><strong>maxime</strong></span> <span class='ocrx_word' id='word_1_332' title='bbox 487 847 585 867; x_wconf 73' lang='lat' dir='ltr'><strong>cognoscibi-</strong></span> 
     </span>
     <span class='ocr_line' id='line_1_53' title="bbox 209 871 584 892; baseline 0 -5"><span class='ocrx_word' id='word_1_333' title='bbox 209 871 237 890; x_wconf 79' lang='lat' dir='ltr'><strong>les,</strong></span> <span class='ocrx_word' id='word_1_334' title='bbox 246 873 312 892; x_wconf 85' lang='lat' dir='ltr'><strong>propter</strong></span> <span class='ocrx_word' id='word_1_335' title='bbox 321 871 418 887; x_wconf 66' lang='lat' dir='ltr'><strong>actualitatis</strong></span> <span class='ocrx_word' id='word_1_336' title='bbox 427 876 460 887; x_wconf 79' lang='lat' dir='ltr'><strong>suae</strong></span> <span class='ocrx_word' id='word_1_337' title='bbox 469 871 584 891; x_wconf 76' lang='lat' dir='ltr'><strong>eminentiam3</strong></span> 
     </span>
     <span class='ocr_line' id='line_1_54' title="bbox 209 895 584 916; baseline 0 -5"><span class='ocrx_word' id='word_1_338' title='bbox 209 896 236 911; x_wconf 81' lang='lat' dir='ltr'><strong>sed</strong></span> <span class='ocrx_word' id='word_1_339' title='bbox 246 900 255 911; x_wconf 86' lang='lat' dir='ltr'><strong>a</strong></span> <span class='ocrx_word' id='word_1_340' title='bbox 265 895 311 911; x_wconf 83' lang='lat' dir='ltr'><strong>nobis</strong></span> <span class='ocrx_word' id='word_1_341' title='bbox 321 896 396 916; x_wconf 75' lang='lat' dir='ltr'><strong>cognosci</strong></span> <span class='ocrx_word' id='word_1_342' title='bbox 406 900 438 912; x_wconf 85' lang='lat' dir='ltr'><strong>non</strong></span> <span class='ocrx_word' id='word_1_343' title='bbox 449 900 495 916; x_wconf 83' lang='lat' dir='ltr'><strong>posse</strong></span> <span class='ocrx_word' id='word_1_344' title='bbox 505 895 584 914; x_wconf 74' lang='lat' dir='ltr'><strong>feruntur,</strong></span> 
     </span>
     <span class='ocr_line' id='line_1_55' title="bbox 209 920 583 941; baseline 0 -5"><span class='ocrx_word' id='word_1_345' title='bbox 209 922 274 941; x_wconf 76' lang='lat' dir='ltr'><strong>propter</strong></span> <span class='ocrx_word' id='word_1_346' title='bbox 291 920 341 936; x_wconf 81' lang='lat' dir='ltr'><strong>nostri</strong></span> <span class='ocrx_word' id='word_1_347' title='bbox 357 920 448 936; x_wconf 81' lang='lat' dir='ltr'><strong>intellectus</strong></span> <span class='ocrx_word' id='word_1_348' title='bbox 464 920 564 936; x_wconf 70' lang='lat' dir='ltr'><strong>debilitatem</strong></span> <span class='ocrx_word' id='word_1_349' title='bbox 580 925 583 936; x_wconf 82' lang='lat' dir='ltr'>z</span> 
     </span>
     <span class='ocr_line' id='line_1_56' title="bbox 208 945 585 961; baseline 0.003 -1"><span class='ocrx_word' id='word_1_350' title='bbox 208 945 250 961; x_wconf 82' lang='lat' dir='ltr'><strong>sicut</strong></span> <span class='ocrx_word' id='word_1_351' title='bbox 264 947 281 961; x_wconf 85' lang='lat' dir='ltr'><strong>et</strong></span> <span class='ocrx_word' id='word_1_352' title='bbox 296 945 351 961; x_wconf 79' lang='lat' dir='ltr'><strong>lumen</strong></span> <span class='ocrx_word' id='word_1_353' title='bbox 366 945 404 961; x_wconf 86' lang='lat' dir='ltr'><strong>solis</strong></span> <span class='ocrx_word' id='word_1_354' title='bbox 419 950 439 961; x_wconf 85' lang='lat' dir='ltr'><strong>ex</strong></span> <span class='ocrx_word' id='word_1_355' title='bbox 451 950 480 961; x_wconf 79' lang='lat' dir='ltr'><strong>sua</strong></span> <span class='ocrx_word' id='word_1_356' title='bbox 492 947 548 961; x_wconf 82' lang='lat' dir='ltr'><strong>natura</strong></span> <span class='ocrx_word' id='word_1_357' title='bbox 560 947 585 961; x_wconf 76' lang='lat' dir='ltr'><strong>est</strong></span> 
     </span>
     <span class='ocr_line' id='line_1_57' title="bbox 208 969 584 988; baseline 0 -3"><span class='ocrx_word' id='word_1_358' title='bbox 208 970 278 985; x_wconf 84' lang='lat' dir='ltr'><strong>maxime</strong></span> <span class='ocrx_word' id='word_1_359' title='bbox 285 969 355 988; x_wconf 81' lang='lat' dir='ltr'><strong>visibile,</strong></span> <span class='ocrx_word' id='word_1_360' title='bbox 364 970 391 985; x_wconf 84' lang='lat' dir='ltr'><strong>sed</strong></span> <span class='ocrx_word' id='word_1_361' title='bbox 399 970 461 988; x_wconf 75' lang='lat' dir='ltr'><strong>oculus,</strong></span> <span class='ocrx_word' id='word_1_362' title='bbox 469 969 490 985; x_wconf 90' lang='lat' dir='ltr'><strong>ob</strong></span> <span class='ocrx_word' id='word_1_363' title='bbox 499 974 545 985; x_wconf 87' lang='lat' dir='ltr'><strong>suam</strong></span> <span class='ocrx_word' id='word_1_364' title='bbox 555 970 584 986; x_wconf 93' lang='lat' dir='ltr'><strong>im-</strong></span> 
     </span>
     <span class='ocr_line' id='line_1_58' title="bbox 208 994 583 1015; baseline 0 -5"><span class='ocrx_word' id='word_1_365' title='bbox 208 994 334 1015; x_wconf 76' lang='lat' dir='ltr'><strong>proportionem,</strong></span> <span class='ocrx_word' id='word_1_366' title='bbox 348 994 364 1010; x_wconf 89' lang='lat' dir='ltr'><strong>in</strong></span> <span class='ocrx_word' id='word_1_367' title='bbox 377 994 430 1015; x_wconf 86' lang='lat' dir='ltr'><strong>ipsum</strong></span> <span class='ocrx_word' id='word_1_368' title='bbox 445 994 474 1015; x_wconf 71' lang='lat' dir='ltr'><strong>figi</strong></span> <span class='ocrx_word' id='word_1_369' title='bbox 490 998 521 1010; x_wconf 91' lang='grc'><strong>11011</strong></span> <span class='ocrx_word' id='word_1_370' title='bbox 536 994 583 1010; x_wconf 88' lang='lat' dir='ltr'><strong>valet.</strong></span> 
     </span>
     <span class='ocr_line' id='line_1_59' title="bbox 208 1019 584 1039; baseline 0 -5"><span class='ocrx_word' id='word_1_371' title='bbox 208 1019 285 1037; x_wconf 76' lang='lat' dir='ltr'><strong>Quoniam</strong></span> <span class='ocrx_word' id='word_1_372' title='bbox 297 1019 346 1039; x_wconf 73' lang='lat' dir='ltr'><strong>igitur</strong></span> <span class='ocrx_word' id='word_1_373' title='bbox 353 1019 395 1034; x_wconf 81' lang='lat' dir='ltr'><strong>Deus</strong></span> <span class='ocrx_word' id='word_1_374' title='bbox 406 1021 431 1034; x_wconf 87' lang='lat' dir='ltr'><strong>est</strong></span> <span class='ocrx_word' id='word_1_375' title='bbox 440 1023 490 1039; x_wconf 81' lang='lat' dir='ltr'><strong>purus</strong></span> <span class='ocrx_word' id='word_1_376' title='bbox 500 1021 544 1035; x_wconf 88' lang='lat' dir='ltr'><strong>actus</strong></span> <span class='ocrx_word' id='word_1_377' title='bbox 555 1024 584 1039; x_wconf 84' lang='lat' dir='ltr'><strong>pu-</strong></span> 
     </span>
    </p>
   </div>
   <div class='ocr_carea' id='block_1_13' title="bbox 611 773 989 1035">
    <p class='ocr_par' dir='ltr' id='par_1_14' title="bbox 611 773 989 1035">
     <span class='ocr_line' id='line_1_60' title="bbox 613 773 988 794; baseline 0 -5"><span class='ocrx_word' id='word_1_378' title='bbox 613 773 656 792; x_wconf 82' lang='lat' dir='ltr'><strong>licet,</strong></span> <span class='ocrx_word' id='word_1_379' title='bbox 664 777 696 789; x_wconf 88' lang='lat' dir='ltr'><strong>non</strong></span> <span class='ocrx_word' id='word_1_380' title='bbox 705 773 753 789; x_wconf 84' lang='lat' dir='ltr'><strong>habet</strong></span> <span class='ocrx_word' id='word_1_381' title='bbox 761 777 765 793; x_wconf 73' lang='grc' dir='ltr'><strong><em>ς</em></strong></span> <span class='ocrx_word' id='word_1_382' title='bbox 773 778 809 794; x_wconf 81' lang='lat' dir='ltr'><strong>quoe</strong></span> <span class='ocrx_word' id='word_1_383' title='bbox 816 778 880 794; x_wconf 86' lang='lat' dir='ltr'><strong>semper</strong></span> <span class='ocrx_word' id='word_1_384' title='bbox 890 773 906 789; x_wconf 89' lang='lat' dir='ltr'><strong>in</strong></span> <span class='ocrx_word' id='word_1_385' title='bbox 913 775 950 789; x_wconf 82' lang='lat' dir='ltr'><strong>actu</strong></span> <span class='ocrx_word' id='word_1_386' title='bbox 958 775 988 792; x_wconf 79' lang='lat' dir='ltr'><strong>est,</strong></span> 
     </span>
     <span class='ocr_line' id='line_1_61' title="bbox 612 798 988 819; baseline 0.003 -6"><span class='ocrx_word' id='word_1_387' title='bbox 612 800 629 814; x_wconf 83' lang='lat' dir='ltr'><strong>et</strong></span> <span class='ocrx_word' id='word_1_388' title='bbox 642 802 725 819; x_wconf 74' lang='lat' dir='ltr'><strong>nunquam</strong></span> <span class='ocrx_word' id='word_1_389' title='bbox 739 798 819 813; x_wconf 75' lang='lat' dir='ltr'><strong>actionem</strong></span> <span class='ocrx_word' id='word_1_390' title='bbox 832 798 909 818; x_wconf 78' lang='lat' dir='ltr'><strong>producit.</strong></span> <span class='ocrx_word' id='word_1_391' title='bbox 922 798 949 814; x_wconf 84' lang='lat' dir='ltr'><strong>sed</strong></span> <span class='ocrx_word' id='word_1_392' title='bbox 964 800 988 814; x_wconf 84' lang='lat' dir='ltr'><strong>est</strong></span> 
     </span>
     <span class='ocr_line' id='line_1_62' title="bbox 612 822 987 843; baseline 0 -5"><span class='ocrx_word' id='word_1_393' title='bbox 612 827 641 838; x_wconf 78' lang='lat' dir='ltr'><strong>sua</strong></span> <span class='ocrx_word' id='word_1_394' title='bbox 652 822 706 838; x_wconf 66' lang='lat' dir='ltr'><strong>actio?</strong></span> <span class='ocrx_word' id='word_1_395' title='bbox 718 822 743 838; x_wconf 81' lang='lat' dir='ltr'><strong>Nil</strong></span> <span class='ocrx_word' id='word_1_396' title='bbox 757 822 801 838; x_wconf 89' lang='lat' dir='ltr'><strong>enim</strong></span> <span class='ocrx_word' id='word_1_397' title='bbox 813 822 887 843; x_wconf 84' lang='lat' dir='ltr'><strong>producit</strong></span> <span class='ocrx_word' id='word_1_398' title='bbox 899 827 916 838; x_wconf 85' lang='lat' dir='ltr'><strong>se</strong></span> <span class='ocrx_word' id='word_1_399' title='bbox 928 823 987 843; x_wconf 80' lang='lat' dir='ltr'><strong>ipsum.</strong></span> 
     </span>
     <span class='ocr_line' id='line_1_63' title="bbox 612 847 988 868; baseline 0.003 -6"><span class='ocrx_word' id='word_1_400' title='bbox 612 847 650 865; x_wconf 81' lang='lat' dir='ltr'><strong>Quis</strong></span> <span class='ocrx_word' id='word_1_401' title='bbox 662 847 710 863; x_wconf 87' lang='lat' dir='ltr'><strong>etiam</strong></span> <span class='ocrx_word' id='word_1_402' title='bbox 722 847 832 867; x_wconf 74' lang='lat' dir='ltr'><strong>apprehendet</strong></span> <span class='ocrx_word' id='word_1_403' title='bbox 843 847 912 868; x_wconf 74' lang='lat' dir='ltr'><strong>qualiter</strong></span> <span class='ocrx_word' id='word_1_404' title='bbox 922 847 950 863; x_wconf 87' lang='lat' dir='ltr'><strong>Dei</strong></span> <span class='ocrx_word' id='word_1_405' title='bbox 961 852 988 863; x_wconf 87' lang='lat' dir='ltr'><strong>vo-</strong></span> 
     </span>
     <span class='ocr_line' id='line_1_64' title="bbox 612 871 988 892; baseline 0 -5"><span class='ocrx_word' id='word_1_406' title='bbox 612 871 665 887; x_wconf 85' lang='lat' dir='ltr'><strong>luntas</strong></span> <span class='ocrx_word' id='word_1_407' title='bbox 673 871 694 887; x_wconf 81' lang='lat' dir='ltr'><strong>sit</strong></span> <span class='ocrx_word' id='word_1_408' title='bbox 701 871 777 890; x_wconf 65' lang='grc' dir='ltr'><strong>11111111,οι</strong></span> <span class='ocrx_word' id='word_1_409' title='bbox 784 871 834 887; x_wconf 83' lang='lat' dir='ltr'><strong>libere</strong></span> <span class='ocrx_word' id='word_1_410' title='bbox 841 871 894 887; x_wconf 93' lang='lat' dir='ltr'><strong>omnia</strong></span> <span class='ocrx_word' id='word_1_411' title='bbox 902 871 988 892; x_wconf 71' lang='lat' dir='ltr'><strong>plasmans,</strong></span> 
     </span>
     <span class='ocr_line' id='line_1_65' title="bbox 612 896 989 917; baseline 0.003 -6"><span class='ocrx_word' id='word_1_412' title='bbox 612 900 708 912; x_wconf 79' lang='lat' dir='ltr'><strong>conservans</strong></span> <span class='ocrx_word' id='word_1_413' title='bbox 721 900 739 911; x_wconf 85' lang='lat' dir='ltr'><strong>ac</strong></span> <span class='ocrx_word' id='word_1_414' title='bbox 751 896 846 915; x_wconf 49' lang='lat' dir='ltr'><strong>modernum</strong></span> <span class='ocrx_word' id='word_1_415' title='bbox 857 896 937 916; x_wconf 84' lang='lat' dir='ltr'><strong>quomodo</strong></span> <span class='ocrx_word' id='word_1_416' title='bbox 950 901 989 917; x_wconf 78' lang='lat' dir='ltr'><strong>quo-</strong></span> 
     </span>
     <span class='ocr_line' id='line_1_66' title="bbox 612 920 989 941; baseline 0.003 -5"><span class='ocrx_word' id='word_1_417' title='bbox 612 925 643 941; x_wconf 78' lang='lat' dir='ltr'><strong>que</strong></span> <span class='ocrx_word' id='word_1_418' title='bbox 653 920 745 936; x_wconf 77' lang='lat' dir='ltr'><strong>intellectus</strong></span> <span class='ocrx_word' id='word_1_419' title='bbox 755 920 820 936; x_wconf 80' lang='lat' dir='ltr'><strong>divinus</strong></span> <span class='ocrx_word' id='word_1_420' title='bbox 830 922 888 936; x_wconf 82' lang='lat' dir='ltr'><strong>cuncta</strong></span> <span class='ocrx_word' id='word_1_421' title='bbox 898 921 914 936; x_wconf 92' lang='lat' dir='ltr'><strong>in</strong></span> <span class='ocrx_word' id='word_1_422' title='bbox 925 925 942 937; x_wconf 82' lang='lat' dir='ltr'><strong>se</strong></span> <span class='ocrx_word' id='word_1_423' title='bbox 953 921 989 941; x_wconf 87' lang='lat' dir='ltr'><strong>ipso</strong></span> 
     </span>
     <span class='ocr_line' id='line_1_67' title="bbox 612 945 988 966; baseline 0.003 -6"><span class='ocrx_word' id='word_1_424' title='bbox 612 945 742 965; x_wconf 70' lang='lat' dir='ltr'><strong>praedeterminet</strong></span> <span class='ocrx_word' id='word_1_425' title='bbox 753 947 801 965; x_wconf 78' lang='lat' dir='ltr'><strong>atque</strong></span> <span class='ocrx_word' id='word_1_426' title='bbox 815 945 895 965; x_wconf 76' lang='lat' dir='ltr'><strong>disponat,</strong></span> <span class='ocrx_word' id='word_1_427' title='bbox 907 945 988 966; x_wconf 75' lang='lat' dir='ltr'><strong>praedesti-</strong></span> 
     </span>
     <span class='ocr_line' id='line_1_68' title="bbox 612 969 988 990; baseline 0 -5"><span class='ocrx_word' id='word_1_428' title='bbox 612 971 644 988; x_wconf 86' lang='lat' dir='ltr'><strong>net,</strong></span> <span class='ocrx_word' id='word_1_429' title='bbox 660 969 713 990; x_wconf 75' lang='lat' dir='ltr'><strong>eligat,</strong></span> <span class='ocrx_word' id='word_1_430' title='bbox 731 969 810 990; x_wconf 78' lang='lat' dir='ltr'><strong>reprobet,</strong></span> <span class='ocrx_word' id='word_1_431' title='bbox 828 969 909 985; x_wconf 81' lang='lat' dir='ltr'><strong>reddendo</strong></span> <span class='ocrx_word' id='word_1_432' title='bbox 925 970 988 990; x_wconf 73' lang='lat' dir='ltr'><strong>singula</strong></span> 
     </span>
     <span class='ocr_line' id='line_1_69' title="bbox 611 994 986 1015; baseline 0.003 -5"><span class='ocrx_word' id='word_1_433' title='bbox 611 994 679 1014; x_wconf 73' lang='lat' dir='ltr'><strong>singulis</strong></span> <span class='ocrx_word' id='word_1_434' title='bbox 687 998 719 1010; x_wconf 89' lang='lat' dir='ltr'><strong>non</strong></span> <span class='ocrx_word' id='word_1_435' title='bbox 727 994 823 1012; x_wconf 86' lang='lat' dir='ltr'><strong>necessario,</strong></span> <span class='ocrx_word' id='word_1_436' title='bbox 831 994 859 1010; x_wconf 78' lang='lat' dir='ltr'><strong>aed</strong></span> <span class='ocrx_word' id='word_1_437' title='bbox 867 994 917 1010; x_wconf 86' lang='lat' dir='ltr'><strong>libere</strong></span> <span class='ocrx_word' id='word_1_438' title='bbox 924 999 927 1010; x_wconf 75' lang='grc' dir='ltr'><em>τ</em></span> <span class='ocrx_word' id='word_1_439' title='bbox 936 999 986 1015; x_wconf 77' lang='lat' dir='ltr'><strong>quum</strong></span> 
     </span>
     <span class='ocr_line' id='line_1_70' title="bbox 611 1018 988 1035; baseline 0.003 -1"><span class='ocrx_word' id='word_1_440' title='bbox 611 1019 663 1034; x_wconf 87' lang='lat' dir='ltr'><strong>nihilo</strong></span> <span class='ocrx_word' id='word_1_441' title='bbox 675 1019 728 1034; x_wconf 86' lang='lat' dir='ltr'><strong>minus</strong></span> <span class='ocrx_word' id='word_1_442' title='bbox 743 1019 798 1034; x_wconf 86' lang='lat' dir='ltr'><strong>divina</strong></span> <span class='ocrx_word' id='word_1_443' title='bbox 812 1018 886 1034; x_wconf 63' lang='lat' dir='ltr'><strong>voluntas</strong></span> <span class='ocrx_word' id='word_1_444' title='bbox 898 1021 914 1035; x_wconf 85' lang='grc' dir='ltr'><strong>ει</strong></span> <span class='ocrx_word' id='word_1_445' title='bbox 926 1019 988 1035; x_wconf 78' lang='lat' dir='ltr'><strong>intelle-</strong></span> 
     </span>
    </p>
   </div>
   <div class='ocr_carea' id='block_1_14' title="bbox 208 1043 987 1064">
    <p class='ocr_par' dir='ltr' id='par_1_15' title="bbox 208 1043 987 1064">
     <span class='ocr_line' id='line_1_71' title="bbox 208 1043 987 1064; baseline 0 -5"><span class='ocrx_word' id='word_1_446' title='bbox 208 1048 257 1064; x_wconf 81' lang='lat' dir='ltr'><strong>raque</strong></span> <span class='ocrx_word' id='word_1_447' title='bbox 268 1043 336 1061; x_wconf 74' lang='lat' dir='ltr'><strong>bonitas,</strong></span> <span class='ocrx_word' id='word_1_448' title='bbox 347 1045 363 1059; x_wconf 82' lang='lat' dir='ltr'><strong>et</strong></span> <span class='ocrx_word' id='word_1_449' title='bbox 374 1048 402 1059; x_wconf 79' lang='lat' dir='ltr'><strong>ens</strong></span> <span class='ocrx_word' id='word_1_450' title='bbox 413 1043 509 1064; x_wconf 79' lang='lat' dir='ltr'><strong>simpliciter</strong></span> <span class='ocrx_word' id='word_1_451' title='bbox 519 1048 584 1064; x_wconf 81' lang='lat' dir='ltr'><strong>quomo·</strong></span> <span class='ocrx_word' id='word_1_452' title='bbox 592 1044 604 1060; x_wconf 87' lang='lat' dir='ltr'>D</span> <span class='ocrx_word' id='word_1_453' title='bbox 612 1045 647 1059; x_wconf 77' lang='lat' dir='ltr'><strong>ctus</strong></span> <span class='ocrx_word' id='word_1_454' title='bbox 659 1043 723 1059; x_wconf 87' lang='lat' dir='ltr'><strong>divinus</strong></span> <span class='ocrx_word' id='word_1_455' title='bbox 735 1043 779 1059; x_wconf 86' lang='lat' dir='ltr'><strong>aliud</strong></span> <span class='ocrx_word' id='word_1_456' title='bbox 791 1043 832 1059; x_wconf 91' lang='lat' dir='ltr'><strong>nibil</strong></span> <span class='ocrx_word' id='word_1_457' title='bbox 844 1043 865 1059; x_wconf 93' lang='lat' dir='ltr'><strong>sit</strong></span> <span class='ocrx_word' id='word_1_458' title='bbox 876 1043 908 1060; x_wconf 81' lang='lat' dir='ltr'><strong>nisi</strong></span> <span class='ocrx_word' id='word_1_459' title='bbox 919 1049 954 1060; x_wconf 80' lang='lat' dir='ltr'><strong>esse</strong></span> <span class='ocrx_word' id='word_1_460' title='bbox 965 1044 987 1060; x_wconf 90' lang='lat' dir='ltr'><strong>di-</strong></span> 
     </span>
    </p>
   </div>
   <div class='ocr_carea' id='block_1_15' title="bbox 206 1067 584 1335">
    <p class='ocr_par' dir='ltr' id='par_1_16' title="bbox 206 1067 584 1335">
     <span class='ocr_line' id='line_1_72' title="bbox 208 1067 584 1088; baseline 0 -5"><span class='ocrx_word' id='word_1_461' title='bbox 208 1067 301 1088; x_wconf 73' lang='lat' dir='ltr'><strong>dolibevque</strong></span> <span class='ocrx_word' id='word_1_462' title='bbox 313 1067 409 1088; x_wconf 75' lang='lat' dir='ltr'><strong>perfectum,</strong></span> <span class='ocrx_word' id='word_1_463' title='bbox 420 1068 497 1083; x_wconf 81' lang='lat' dir='ltr'><strong>elucescit</strong></span> <span class='ocrx_word' id='word_1_464' title='bbox 508 1068 551 1088; x_wconf 86' lang='lat' dir='ltr'><strong>quod</strong></span> <span class='ocrx_word' id='word_1_465' title='bbox 563 1068 584 1084; x_wconf 87' lang='lat' dir='ltr'><strong>ob</strong></span> 
     </span>
     <span class='ocr_line' id='line_1_73' title="bbox 208 1092 584 1113; baseline 0 -5"><span class='ocrx_word' id='word_1_466' title='bbox 208 1097 254 1108; x_wconf 81' lang='lat' dir='ltr'><strong>suain</strong></span> <span class='ocrx_word' id='word_1_467' title='bbox 265 1092 376 1108; x_wconf 80' lang='lat' dir='ltr'><strong>excellentiam</strong></span> <span class='ocrx_word' id='word_1_468' title='bbox 387 1092 454 1108; x_wconf 84' lang='lat' dir='ltr'><strong>omuino</strong></span> <span class='ocrx_word' id='word_1_469' title='bbox 464 1094 480 1108; x_wconf 91' lang='lat' dir='ltr'><strong>et</strong></span> <span class='ocrx_word' id='word_1_470' title='bbox 489 1092 553 1113; x_wconf 84' lang='lat' dir='ltr'><strong>penitus</strong></span> <span class='ocrx_word' id='word_1_471' title='bbox 563 1093 584 1108; x_wconf 84' lang='lat' dir='ltr'><strong>sit</strong></span> 
     </span>
     <span class='ocr_line' id='line_1_74' title="bbox 209 1116 584 1137; baseline 0 -5"><span class='ocrx_word' id='word_1_472' title='bbox 209 1117 277 1137; x_wconf 72' lang='lat' dir='ltr'><strong>ignotus.</strong></span> <span class='ocrx_word' id='word_1_473' title='bbox 291 1117 310 1132; x_wconf 84' lang='lat' dir='ltr'><strong>Et</strong></span> <span class='ocrx_word' id='word_1_474' title='bbox 322 1117 363 1132; x_wconf 88' lang='lat' dir='ltr'><strong>banc</strong></span> <span class='ocrx_word' id='word_1_475' title='bbox 376 1116 454 1132; x_wconf 80' lang='lat' dir='ltr'><strong>rationem</strong></span> <span class='ocrx_word' id='word_1_476' title='bbox 467 1117 536 1135; x_wconf 79' lang='lat' dir='ltr'><strong>Proclus,</strong></span> <span class='ocrx_word' id='word_1_477' title='bbox 551 1117 584 1133; x_wconf 74' lang='lat' dir='ltr'><strong>Pla-</strong></span> 
     </span>
     <span class='ocr_line' id='line_1_75' title="bbox 208 1141 582 1162; baseline 0 -5"><span class='ocrx_word' id='word_1_478' title='bbox 208 1143 262 1157; x_wconf 88' lang='lat' dir='ltr'><strong>tonem</strong></span> <span class='ocrx_word' id='word_1_479' title='bbox 279 1146 353 1162; x_wconf 84' lang='lat' dir='ltr'><strong>sequens,</strong></span> <span class='ocrx_word' id='word_1_480' title='bbox 371 1141 422 1161; x_wconf 76' lang='lat' dir='ltr'><strong>tangit</strong></span> <span class='ocrx_word' id='word_1_481' title='bbox 441 1141 549 1162; x_wconf 82' lang='lat' dir='ltr'><strong>pulcherrime</strong></span> <span class='ocrx_word' id='word_1_482' title='bbox 566 1142 582 1157; x_wconf 90' lang='lat' dir='ltr'><strong>in</strong></span> 
     </span>
     <span class='ocr_line' id='line_1_76' title="bbox 208 1165 582 1186; baseline 0 -5"><span class='ocrx_word' id='word_1_483' title='bbox 208 1166 334 1181; x_wconf 76' lang='lat' dir='ltr'><strong>Elementatioue</strong></span> <span class='ocrx_word' id='word_1_484' title='bbox 342 1170 371 1181; x_wconf 83' lang='lat' dir='ltr'><strong>sua</strong></span> <span class='ocrx_word' id='word_1_485' title='bbox 378 1165 468 1186; x_wconf 78' lang='lat' dir='ltr'><strong>theologica</strong></span> <span class='ocrx_word' id='word_1_486' title='bbox 476 1170 480 1181; x_wconf 76' lang='lat' dir='ltr'><em>z</em></span> <span class='ocrx_word' id='word_1_487' title='bbox 489 1166 504 1181; x_wconf 91' lang='lat' dir='ltr'><strong>in</strong></span> <span class='ocrx_word' id='word_1_488' title='bbox 512 1171 550 1186; x_wconf 80' lang='lat' dir='ltr'><strong>qua,</strong></span> <span class='ocrx_word' id='word_1_489' title='bbox 558 1171 582 1182; x_wconf 83' lang='lat' dir='ltr'><strong>se-</strong></span> 
     </span>
     <span class='ocr_line' id='line_1_77' title="bbox 207 1190 582 1211; baseline 0 -5"><span class='ocrx_word' id='word_1_490' title='bbox 207 1190 277 1206; x_wconf 86' lang='lat' dir='ltr'><strong>cundum</strong></span> <span class='ocrx_word' id='word_1_491' title='bbox 286 1190 303 1206; x_wconf 87' lang='lat' dir='ltr'><strong>B.</strong></span> <span class='ocrx_word' id='word_1_492' title='bbox 311 1190 394 1208; x_wconf 85' lang='lat' dir='ltr'><strong>Tbomam,</strong></span> <span class='ocrx_word' id='word_1_493' title='bbox 402 1195 443 1211; x_wconf 90' lang='lat' dir='ltr'><strong>peue</strong></span> <span class='ocrx_word' id='word_1_494' title='bbox 453 1192 502 1206; x_wconf 81' lang='lat' dir='ltr'><strong>totam</strong></span> <span class='ocrx_word' id='word_1_495' title='bbox 511 1192 582 1206; x_wconf 77' lang='lat' dir='ltr'><strong>mentem</strong></span> 
     </span>
     <span class='ocr_line' id='line_1_78' title="bbox 207 1215 582 1236; baseline 0 -6"><span class='ocrx_word' id='word_1_496' title='bbox 207 1215 278 1235; x_wconf 69' lang='lat' dir='ltr'><strong>magistri</strong></span> <span class='ocrx_word' id='word_1_497' title='bbox 291 1215 317 1230; x_wconf 81' lang='lat' dir='ltr'><strong>sui</strong></span> <span class='ocrx_word' id='word_1_498' title='bbox 329 1215 397 1230; x_wconf 81' lang='lat' dir='ltr'><strong>Platonis</strong></span> <span class='ocrx_word' id='word_1_499' title='bbox 408 1215 491 1235; x_wconf 83' lang='lat' dir='ltr'><strong>expressit.</strong></span> <span class='ocrx_word' id='word_1_500' title='bbox 502 1215 528 1230; x_wconf 79' lang='lat' dir='ltr'><strong>Ait</strong></span> <span class='ocrx_word' id='word_1_501' title='bbox 538 1216 582 1236; x_wconf 83' lang='lat' dir='ltr'><strong>equi-</strong></span> 
     </span>
     <span class='ocr_line' id='line_1_79' title="bbox 206 1239 583 1260; baseline 0 -5"><span class='ocrx_word' id='word_1_502' title='bbox 206 1240 243 1255; x_wconf 90' lang='lat' dir='ltr'><strong>dem</strong></span> <span class='ocrx_word' id='word_1_503' title='bbox 256 1239 320 1255; x_wconf 78' lang='lat' dir='ltr'><strong>Procius</strong></span> <span class='ocrx_word' id='word_1_504' title='bbox 334 1244 338 1255; x_wconf 83' lang='lat'>:</span> <span class='ocrx_word' id='word_1_505' title='bbox 350 1239 381 1255; x_wconf 82' lang='lat' dir='ltr'><strong>Ens</strong></span> <span class='ocrx_word' id='word_1_506' title='bbox 393 1239 466 1255; x_wconf 86' lang='lat' dir='ltr'><strong>divinum</strong></span> <span class='ocrx_word' id='word_1_507' title='bbox 482 1239 535 1260; x_wconf 82' lang='lat' dir='ltr'><strong>ipsum</strong></span> <span class='ocrx_word' id='word_1_508' title='bbox 547 1240 583 1260; x_wconf 85' lang='lat' dir='ltr'><strong>qui-</strong></span> 
     </span>
     <span class='ocr_line' id='line_1_80' title="bbox 206 1263 581 1285; baseline 0 -6"><span class='ocrx_word' id='word_1_509' title='bbox 206 1264 316 1285; x_wconf 76' lang='lat' dir='ltr'><strong>dem,propter</strong></span> <span class='ocrx_word' id='word_1_510' title='bbox 323 1263 491 1285; x_wconf 71' lang='lat' dir='ltr'><strong>supersubstantialem</strong></span> <span class='ocrx_word' id='word_1_511' title='bbox 499 1264 581 1283; x_wconf 82' lang='lat' dir='ltr'><strong>unitatem,</strong></span> 
     </span>
     <span class='ocr_line' id='line_1_81' title="bbox 207 1288 581 1309; baseline 0 -4"><span class='ocrx_word' id='word_1_512' title='bbox 207 1289 290 1305; x_wconf 85' lang='lat' dir='ltr'><strong>indicibile</strong></span> <span class='ocrx_word' id='word_1_513' title='bbox 302 1291 326 1305; x_wconf 81' lang='lat' dir='ltr'><strong>est</strong></span> <span class='ocrx_word' id='word_1_514' title='bbox 338 1291 354 1305; x_wconf 84' lang='lat' dir='ltr'><strong>et</strong></span> <span class='ocrx_word' id='word_1_515' title='bbox 366 1288 492 1309; x_wconf 70' lang='lat' dir='ltr'><strong>incognoscibile</strong></span> <span class='ocrx_word' id='word_1_516' title='bbox 506 1289 581 1305; x_wconf 78' lang='lat' dir='ltr'><strong>omnibus</strong></span> 
     </span>
     <span class='ocr_line' id='line_1_82' title="bbox 207 1313 582 1335; baseline 0 -6"><span class='ocrx_word' id='word_1_517' title='bbox 207 1314 255 1330; x_wconf 84' lang='lat' dir='ltr'><strong>simul</strong></span> <span class='ocrx_word' id='word_1_518' title='bbox 265 1314 340 1330; x_wconf 81' lang='lat' dir='ltr'><strong>secundis</strong></span> <span class='ocrx_word' id='word_1_519' title='bbox 349 1313 449 1332; x_wconf 74' lang='lat' dir='ltr'><strong>substantiis,</strong></span> <span class='ocrx_word' id='word_1_520' title='bbox 456 1318 466 1329; x_wconf 85' lang='lat' dir='ltr'><strong>a</strong></span> <span class='ocrx_word' id='word_1_521' title='bbox 473 1314 582 1335; x_wconf 80' lang='lat' dir='ltr'><strong>participanti-</strong></span> 
     </span>
    </p>
   </div>
   <div class='ocr_carea' id='block_1_16' title="bbox 609 1068 988 1335">
    <p class='ocr_par' dir='ltr' id='par_1_17' title="bbox 609 1068 988 1335">
     <span class='ocr_line' id='line_1_83' title="bbox 612 1068 987 1089; baseline 0.005 -6"><span class='ocrx_word' id='word_1_522' title='bbox 612 1068 673 1086; x_wconf 86' lang='lat' dir='ltr'><strong>vinum,</strong></span> <span class='ocrx_word' id='word_1_523' title='bbox 691 1068 733 1089; x_wconf 76' lang='lat' dir='ltr'><strong>quod</strong></span> <span class='ocrx_word' id='word_1_524' title='bbox 744 1068 862 1084; x_wconf 75' lang='lat' dir='ltr'><strong>omniiormiter</strong></span> <span class='ocrx_word' id='word_1_525' title='bbox 879 1069 987 1085; x_wconf 85' lang='lat' dir='ltr'><strong>necessarium</strong></span> 
     </span>
     <span class='ocr_line' id='line_1_84' title="bbox 611 1092 967 1113; baseline 0.003 -5"><span class='ocrx_word' id='word_1_526' title='bbox 611 1094 668 1111; x_wconf 83' lang='lat' dir='ltr'><strong>exstat,</strong></span> <span class='ocrx_word' id='word_1_527' title='bbox 677 1092 809 1108; x_wconf 87' lang='lat' dir='ltr'><strong>incommutabile</strong></span> <span class='ocrx_word' id='word_1_528' title='bbox 816 1094 864 1113; x_wconf 77' lang='lat' dir='ltr'><strong>atque</strong></span> <span class='ocrx_word' id='word_1_529' title='bbox 873 1093 967 1109; x_wconf 77' lang='lat' dir='ltr'><strong>immobilel</strong></span> 
     </span>
     <span class='ocr_line' id='line_1_85' title="bbox 632 1117 988 1138; baseline 0.003 -5"><span class='ocrx_word' id='word_1_530' title='bbox 632 1117 712 1133; x_wconf 72' lang='lat' dir='ltr'><strong>Postremo</strong></span> <span class='ocrx_word' id='word_1_531' title='bbox 720 1119 776 1138; x_wconf 79' lang='lat' dir='ltr'><strong>quarta</strong></span> <span class='ocrx_word' id='word_1_532' title='bbox 783 1119 799 1132; x_wconf 85' lang='lat' dir='ltr'><strong>et</strong></span> <span class='ocrx_word' id='word_1_533' title='bbox 807 1122 870 1133; x_wconf 81' lang='lat' dir='ltr'><strong>summa</strong></span> <span class='ocrx_word' id='word_1_534' title='bbox 880 1118 920 1133; x_wconf 85' lang='lat' dir='ltr'><strong>ratio</strong></span> <span class='ocrx_word' id='word_1_535' title='bbox 927 1122 956 1134; x_wconf 85' lang='lat' dir='ltr'><strong>cur</strong></span> <span class='ocrx_word' id='word_1_536' title='bbox 964 1118 988 1134; x_wconf 87' lang='lat' dir='ltr'><strong>in-</strong></span> 
     </span>
     <span class='ocr_line' id='line_1_86' title="bbox 611 1141 987 1162; baseline 0.003 -5"><span class='ocrx_word' id='word_1_537' title='bbox 611 1141 762 1162; x_wconf 80' lang='lat' dir='ltr'><strong>comprehensibilis</strong></span> <span class='ocrx_word' id='word_1_538' title='bbox 774 1143 790 1157; x_wconf 92' lang='lat' dir='ltr'><strong>et</strong></span> <span class='ocrx_word' id='word_1_539' title='bbox 803 1142 933 1162; x_wconf 74' lang='lat' dir='ltr'><strong>incognoscibilia</strong></span> <span class='ocrx_word' id='word_1_540' title='bbox 945 1143 987 1159; x_wconf 85' lang='lat' dir='ltr'><strong>Deus</strong></span> 
     </span>
     <span class='ocr_line' id='line_1_87' title="bbox 610 1166 986 1187; baseline 0.003 -5"><span class='ocrx_word' id='word_1_541' title='bbox 610 1166 677 1184; x_wconf 83' lang='lat' dir='ltr'><strong>dicatur,</strong></span> <span class='ocrx_word' id='word_1_542' title='bbox 686 1168 710 1182; x_wconf 81' lang='lat' dir='ltr'><strong>est</strong></span> <span class='ocrx_word' id='word_1_543' title='bbox 721 1166 793 1181; x_wconf 79' lang='lat' dir='ltr'><strong>infinitas</strong></span> <span class='ocrx_word' id='word_1_544' title='bbox 803 1166 859 1187; x_wconf 69' lang='lat' dir='ltr'><strong>primm</strong></span> <span class='ocrx_word' id='word_1_545' title='bbox 870 1171 927 1182; x_wconf 41' lang='lat' dir='ltr'><strong>causaei</strong></span> <span class='ocrx_word' id='word_1_546' title='bbox 934 1167 986 1185; x_wconf 83' lang='lat' dir='ltr'><strong>Quum</strong></span> 
     </span>
     <span class='ocr_line' id='line_1_88' title="bbox 610 1190 987 1212; baseline 0.003 -6"><span class='ocrx_word' id='word_1_547' title='bbox 610 1191 653 1207; x_wconf 86' lang='lat' dir='ltr'><strong>enirn</strong></span> <span class='ocrx_word' id='word_1_548' title='bbox 661 1191 750 1206; x_wconf 90' lang='lat' dir='ltr'><strong>secundum</strong></span> <span class='ocrx_word' id='word_1_549' title='bbox 758 1190 950 1212; x_wconf 69' lang='lat' dir='ltr'><strong>Philosophum,eognitio</strong></span> <span class='ocrx_word' id='word_1_550' title='bbox 957 1192 987 1208; x_wconf 78' lang='lat' dir='ltr'><strong>liat</strong></span> 
     </span>
     <span class='ocr_line' id='line_1_89' title="bbox 610 1215 985 1237; baseline 0.003 -6"><span class='ocrx_word' id='word_1_551' title='bbox 610 1220 639 1236; x_wconf 81' lang='lat' dir='ltr'><strong>per</strong></span> <span class='ocrx_word' id='word_1_552' title='bbox 646 1216 731 1236; x_wconf 87' lang='lat' dir='ltr'><strong>quamdam</strong></span> <span class='ocrx_word' id='word_1_553' title='bbox 739 1215 871 1231; x_wconf 78' lang='lat' dir='ltr'><strong>assimilationem</strong></span> <span class='ocrx_word' id='word_1_554' title='bbox 879 1216 921 1231; x_wconf 78' lang='lat' dir='ltr'><strong>inter</strong></span> <span class='ocrx_word' id='word_1_555' title='bbox 928 1220 985 1237; x_wconf 72' lang='lat' dir='ltr'><strong>cogno-</strong></span> 
     </span>
     <span class='ocr_line' id='line_1_90' title="bbox 610 1240 985 1261; baseline 0.003 -5"><span class='ocrx_word' id='word_1_556' title='bbox 610 1242 682 1256; x_wconf 81' lang='lat' dir='ltr'><strong>scentem</strong></span> <span class='ocrx_word' id='word_1_557' title='bbox 696 1242 713 1256; x_wconf 79' lang='lat' dir='ltr'><strong>et</strong></span> <span class='ocrx_word' id='word_1_558' title='bbox 727 1240 815 1260; x_wconf 69' lang='lat' dir='ltr'><strong>cognitum,</strong></span> <span class='ocrx_word' id='word_1_559' title='bbox 827 1242 890 1261; x_wconf 82' lang='lat' dir='ltr'><strong>oportet</strong></span> <span class='ocrx_word' id='word_1_560' title='bbox 905 1240 946 1256; x_wconf 86' lang='lat' dir='ltr'><strong>inter</strong></span> <span class='ocrx_word' id='word_1_561' title='bbox 961 1241 985 1257; x_wconf 91' lang='lat' dir='ltr'><strong>in-</strong></span> 
     </span>
     <span class='ocr_line' id='line_1_91' title="bbox 610 1264 985 1286; baseline 0.003 -6"><span class='ocrx_word' id='word_1_562' title='bbox 610 1264 708 1285; x_wconf 75' lang='lat' dir='ltr'><strong>telligentem</strong></span> <span class='ocrx_word' id='word_1_563' title='bbox 723 1269 789 1285; x_wconf 83' lang='lat' dir='ltr'><strong>remque</strong></span> <span class='ocrx_word' id='word_1_564' title='bbox 804 1264 902 1280; x_wconf 75' lang='lat' dir='ltr'><strong>intellectam</strong></span> <span class='ocrx_word' id='word_1_565' title='bbox 919 1270 985 1286; x_wconf 75' lang='lat' dir='ltr'><strong>propor-</strong></span> 
     </span>
     <span class='ocr_line' id='line_1_92' title="bbox 609 1289 984 1306; baseline 0.003 -1"><span class='ocrx_word' id='word_1_566' title='bbox 609 1289 669 1305; x_wconf 89' lang='lat' dir='ltr'><strong>tionem</strong></span> <span class='ocrx_word' id='word_1_567' title='bbox 677 1289 759 1305; x_wconf 66' lang='lat' dir='ltr'><strong>exsisvero</strong></span> <span class='ocrx_word' id='word_1_568' title='bbox 768 1289 815 1305; x_wconf 77' lang='lat' dir='ltr'><strong>Finiti</strong></span> <span class='ocrx_word' id='word_1_569' title='bbox 826 1293 864 1305; x_wconf 81' lang='lat' dir='ltr'><strong>vero</strong></span> <span class='ocrx_word' id='word_1_570' title='bbox 873 1289 893 1305; x_wconf 91' lang='lat' dir='ltr'><strong>ad</strong></span> <span class='ocrx_word' id='word_1_571' title='bbox 901 1289 984 1306; x_wconf 73' lang='lat' dir='ltr'><strong>infinitum</strong></span> 
     </span>
     <span class='ocr_line' id='line_1_93' title="bbox 609 1314 985 1335; baseline 0.003 -5"><span class='ocrx_word' id='word_1_572' title='bbox 609 1314 653 1330; x_wconf 81' lang='lat' dir='ltr'><strong>nulla</strong></span> <span class='ocrx_word' id='word_1_573' title='bbox 665 1316 740 1330; x_wconf 80' lang='lat' dir='ltr'><strong>censetur</strong></span> <span class='ocrx_word' id='word_1_574' title='bbox 752 1314 838 1334; x_wconf 90' lang='lat' dir='ltr'><strong>proportio.</strong></span> <span class='ocrx_word' id='word_1_575' title='bbox 850 1314 902 1332; x_wconf 84' lang='grc'><strong>01111111</strong></span> <span class='ocrx_word' id='word_1_576' title='bbox 914 1319 952 1335; x_wconf 76' lang='lat' dir='ltr'><strong>ergo</strong></span> <span class='ocrx_word' id='word_1_577' title='bbox 964 1315 985 1331; x_wconf 74' lang='lat' dir='ltr'><strong>sit</strong></span> 
     </span>
    </p>
   </div>
  </div>
 </body>
</html>
