1083 1563
211 114 241 130 242

354 119 374 130 ΠΕ
385 118 473 130 vmusmrn
484 118 532 130 ΙΙῚΝυι
543 118 562 129 ΕΤ
572 117 693 129 nvtcntmnmu
704 117 734 129 1131,
743 122 763 125 -
770 118 805 129 Am·-
813 118 846 129 xvu

211 160 293 182 preclara,
301 161 360 180 divina,
371 165 403 182 praa
414 161 458 177 omni
468 160 540 176 sensibili
551 160 587 176 luce
594 160 607 176 A
614 160 723 181 pientialibus,
732 160 848 178 scientialibus,
856 164 945 180 eorumque
951 159 997 175 acti-

211 185 317 201 ineffabiliter
331 190 393 204 serena,
407 185 469 201 radiosa
483 189 502 200 ac
514 185 586 205 pulchra.

211 209 284 230 Denique
294 209 325 230 ipsi
336 211 374 225 sunt
384 211 429 225 actus
441 210 456 225 in
469 214 486 225 se
499 209 587 225 subsisten-

211 236 240 252 tes,
248 234 323 255 quamvis
334 238 365 250 nou
376 234 462 250 omnifarie
473 234 510 254 puri
520 238 538 249 ac
549 233 587 249 sim-

211 259 266 279 plices.
283 259 323 274 Sunt
339 263 403 279 quoque
418 258 509 274 intellectus
523 262 588 279 semper

211 283 228 299 in
235 285 272 299 actu
280 283 348 299 feliciter
355 283 519 299 exsistentesAEorum
527 283 587 303 quippe

211 310 267 323 natura
282 310 306 323 est
320 308 372 323 forma
389 308 512 329 praesplendida,
527 308 543 323 in
559 312 588 323 sua

211 333 280 353 puritate
295 333 330 348 sine
345 333 439 353 contagione
454 332 524 348 materiae
537 332 588 347 subsi-

211 359 271 373 stenter
279 359 321 373 stare
329 357 391 375 idonea,
399 357 495 373 immortalis
502 357 576 372 essentia.

231 381 267 398 Haec
275 382 323 400 entia,
329 386 365 402 quoe
372 386 381 397 a
389 381 497 402 Peripateticis
505 381 588 397 nominan-

211 408 237 421 tur
242 406 336 422 substantia»
343 408 438 427 separatae‚a
445 405 538 421 beatissimo
546 405 588 426 prin-

211 431 247 451 cipe
265 430 375 451 theologorum
394 431 469 451 Dionysio
486 430 588 451 appellantur

163 557 170 564 ¹
185 561 188 567 ι
200 553 301 574 -piosissime
313 553 370 572 oritur,
380 553 408 574 qui
420 553 539 573 jucundissimo
551 553 586 569 Cre-

210 578 259 594 aforis
269 578 321 594 vultui
333 578 457 594 inavertibiliter
468 580 511 593 stant
522 578 585 593 intenti.

210 602 229 618 Hi
241 605 278 618 sunt
290 604 357 623 satrapea
371 602 447 623 paradisi,
458 602 587 623 supercoelestes-

210 631 241 647 que
249 627 298 645 cives,
307 627 385 648 optimam
393 627 442 643 vitam
452 627 529 643 ducentes
538 629 586 647 atque

209 651 229 667 de
239 652 273 667 suis
280 651 386 670 sufficientes,
395 651 472 667 coelorum
483 653 561 671 motores;
569 651 586 667 in

209 676 280 694 entitate,
293 676 370 695 bonitate,
383 676 456 694 veritate,
469 676 535 694 unitate,
549 676 586 691 sirn-

210 700 287 721 plicitate,
299 700 455 721 incorruptibilitate,
466 700 558 716 actualitate
568 705 586 716 ac

210 725 330 745 pulchritudine
343 725 374 741 Deo
389 725 467 741 altissimo
482 725 568 741 similiores
582 729 585 740 :

614 184 650 203 bus,
658 184 759 200 decorantur.
768 185 828 205 ltaque,
839 184 881 200 sicut
893 184 909 200 in
920 184 996 205 panium

614 209 719 229 congruentia
729 211 745 225 et
756 209 857 225 convenienti
870 208 923 225 colore
935 212 998 229 corpo-

614 233 652 249 ralis
665 233 768 254 pulchritudo
780 233 858 252 consistit,
871 233 894 249 sic
906 233 923 249 in
935 235 997 254 poten-

614 258 673 274 tiarum
685 258 788 274 adornatione
801 263 830 279 per
841 260 887 274 actus
898 260 915 274 et
927 258 998 273 habitus

615 283 743 304 perfectionales,
756 283 844 304 spiritualis
859 285 875 298 et
888 282 998 298 accidentalis

615 307 718 328 pulchritudo
730 307 808 323 mentium
821 309 910 323 creatarum
924 307 955 322 sita
970 307 998 322 vi-

615 332 662 348 detur
677 336 681 347 :
694 332 727 348 imo
741 334 756 347 et
771 332 787 347 in
802 334 896 348 ornamento
910 336 942 352 quo
957 331 998 352 ipsa

615 357 685 372 essentia
695 356 808 372 intellectualis
818 361 847 377 per
856 356 924 377 gratiam
930 356 998 376 gratifi-

615 383 677 397 cantem
689 381 783 402 perficitur3
794 385 851 397 verum
864 381 894 397 hoc
905 381 925 396 ad
936 385 998 401 super-

615 406 704 421 naturalem
714 406 794 426 pertinere
805 405 942 426 pulchritudinem
953 409 997 421 wn-

615 432 651 448 stat,
660 430 679 446 de
687 435 719 450 qua
726 434 762 446 mox
772 430 802 446 erit
812 432 893 446 tractatus.
902 430 996 446 Praesertim

201 455 302 471 intellectus
316 455 408 473 deiformes,
424 455 503 471 deificatas
519 457 586 473 mentes,
595 454 607 469 B
615 459 653 470 vero
666 455 681 470 in
695 454 734 475 ipsis
746 454 846 475 dignissimis
858 454 921 470 actibus
931 454 997 470 mentis

183 478 203 501 „21
211 479 337 500 supermundani
345 480 399 495 animi⁴
409 480 440 500 Ipsi
449 481 486 495 sunt
496 479 586 498 fortissimi,

194 499 203 517 ι’
211 504 326 525 sapientissimi
342 506 389 525 atquo
405 504 510 525 pulcherrimi
528 504 587 519 milites

196 526 204 536 ¹*
211 529 245 547 Dei,
258 534 307 550 super
318 533 358 550 quos
372 529 426 544 lumen
439 529 480 544 Solis
493 529 549 545 aeterui
561 533 587 544 co-

615 479 718 499 pulchritudo
730 479 759 494 ista
770 479 864 497 attenditur,
877 479 898 494 ita
911 479 953 499 quod
968 479 997 494 in—

614 503 691 519 teriorum
704 505 769 519 actuum
782 503 802 519 ab
814 507 868 519 errore
879 505 895 519 et
904 503 943 519 vitio
954 508 997 524 pua·-

614 530 692 549 gatorum,
703 530 746 544 recta
755 530 771 544 et
780 528 870 544 condecens
880 528 958 544 habitudo
968 528 997 544 di-

614 555 660 568 catur
667 553 702 573 ipsa
712 553 778 569 interior
788 553 903 573 pulchritudo:
911 553 931 568 ad
941 557 996 573 quam

614 580 712 593 concurrunt
721 582 740 593 ac
752 577 856 598 requiruntur
866 577 926 593 virium
936 577 996 598 dispo-

614 602 651 618 sitio
658 602 706 621 bona,
713 602 825 622 operationum
832 602 914 618 exsecutio
921 606 953 618 non
962 602 997 618 im-

614 627 673 647 pedita,
682 626 764 647 sapientias
775 631 839 647 quoque
846 626 914 642 directio
921 626 994 642 radiosa.

634 651 715 670 Praeterea,
721 651 798 672 quoniam
805 651 851 671 juxta
858 651 950 671 praehabita,
954 651 996 672 pul-
1027 667 1031 670 ,
1039 662 1048 670 .,

614 676 670 691 chrum
681 676 740 691 dicitur
750 680 779 696 per
789 675 925 696 comparationem
934 675 955 691 ad
965 680 996 691 co-

613 700 691 720 gnitivam
700 700 838 720 potentiam3hiuc
846 700 948 721 pulchritudo
956 700 996 716 hee

614 724 702 745 spiritualis
712 725 795 745 potissime
805 724 869 740 videtur
876 725 964 740 consistere
974 725 997 740 in

210 749 238 770 qui
248 754 267 765 ex
277 749 310 765 Deo
320 749 336 765 in
347 749 398 765 multa
407 750 486 770 sapientia
495 749 586 770 splendent,
594 750 605 766 G
614 749 676 765 actione
689 749 773 765 habituum
785 749 901 765 intellectivam
912 749 944 765 vim
956 754 997 770 per-

210 774 246 790 luco
254 776 309 790 sancta
318 776 408 793 coruscant,
417 774 475 790 deifica
485 774 550 790 caritate
560 779 586 790 ru-

210 798 249 814 hent
262 801 279 814 et
293 798 371 819 flagrant;
383 799 492 814 sincerissima
505 799 586 820 voluptate

210 823 293 842 exsultant,
297 823 404 839 indissolubili
412 828 452 844 pace
459 824 562 839 concordant:
566 823 585 839 ad

210 852 278 868 quorum
289 848 442 869 contemplationem
452 853 498 864 mens
508 850 562 864 nostra
569 853 586 864 se

210 872 258 888 habet
265 872 308 888 sicut
315 872 371 888 oculus
382 874 444 888 noctuffl
451 872 471 888 ad
478 873 533 888 lumen
541 873 585 888 solis.

230 896 316 915 Postremo,
328 898 372 912 tanta
386 898 411 912 est
425 896 533 917 pulchritudo,
547 897 586 913 emi-

209 921 269 939 nentia,
282 921 351 941 dignitas
364 923 424 937 naturae
436 921 517 942 angelica),
530 923 548 937 ut
559 926 586 937 ex-

209 945 285 961 cellentia
296 946 377 966 potentin,
385 946 473 966 sapientiai,
484 946 560 962 bonitatis
570 948 586 962 et

209 970 335 990 pulchritudinis
347 970 380 989 nei,
394 970 458 991 plenius
469 972 517 991 aulue
531 970 586 986 lucen-

210 994 242 1010 tius
249 994 266 1010 in
274 999 307 1010 uno
316 994 387 1010 reluceat
395 995 457 1015 angelo,
466 999 514 1015 quam
525 995 542 1011 in
552 999 586 1011 om-

209 1019 257 1034 nibus
272 1019 320 1035 simul
335 1019 427 1035 eoelestibus
442 1020 541 1040 corporibus,
554 1020 585 1036 ele-

614 774 710 793 ficientium,
720 774 789 790 maximo
796 778 861 795 quoque
868 774 885 790 in
892 774 997 795 contempla—

614 799 657 814 tione
664 801 681 814 et
688 800 724 814 actu
732 799 820 819 sapientiai.
829 799 852 814 Ad
860 799 914 819 iprum
921 803 996 820 namque

614 823 714 839 intellectum
725 823 793 844 ejusque
803 825 849 839 actus
859 828 878 839 ac
889 823 953 839 habitus
964 828 997 844 po-

614 848 675 864 tissime
688 848 768 869 pertinere
780 848 858 864 asseritur
869 848 909 864 ratio
921 848 963 864 lucis
974 850 996 864 et

614 872 683 888 claritas.
696 872 735 888 Nam
750 874 766 888 et
780 872 814 893 ipse
829 872 920 888 intellectus
934 873 995 889 lumen

614 899 679 913 vocatur
691 901 723 918 quo
736 899 794 912 cuncta
807 899 900 913 cernuntur.
909 897 996 918 Sapientia

613 926 683 942 quoque,
688 921 761 940 scientia,
766 926 797 940 ars,
803 921 894 942 prudentia,
900 922 938 942 quid
945 924 994 941 sunt,

613 946 645 962 nisi
655 946 721 966 quidam
732 946 825 962 luciformes
835 946 912 967 fulgores,
919 951 949 962 sua
958 946 995 962 cln-

613 970 659 986 ritate
673 973 743 986 mentem
761 970 859 986 illustrantes
873 971 893 986 ad
910 971 994 991 conspici-

613 995 672 1011 endum
683 995 757 1015 objectat
764 995 787 1011 Ad
797 995 879 1011 caritatem
889 995 955 1011 demum
963 1000 995 1016 po-

613 1019 645 1035 tius
662 1020 744 1040 pertinent
760 1019 813 1035 fervor
830 1021 846 1035 et
862 1020 923 1040 puritas
939 1025 994 1041 quam

210 1044 268 1059 mentis
278 1046 295 1060 et
305 1044 365 1063 mixtis,
373 1046 451 1065 quantum
461 1044 480 1060 ad
492 1045 507 1060 id
515 1045 558 1065 quod
566 1045 585 1060 ad
593 1045 606 1061 D
613 1044 666 1065 fulgor
673 1046 689 1060 et
696 1044 760 1060 claritas
768 1049 772 1060 :
780 1044 832 1060 nihilo
841 1044 895 1060 minus
903 1045 919 1060 in
926 1045 994 1061 actibus

209 1069 333 1089 corporeitatem
342 1070 366 1084 est
376 1069 464 1089 pertinens.

303 1123 426 1139 ARTIGULUS
438 1123 492 1139 XVII.

208 1154 233 1169 Dc
242 1153 341 1169 accidentali
349 1153 477 1173 pulchritudine
484 1154 585 1170 intellectua-

303 1176 345 1191 lium
355 1176 491 1192 substantiarum.

240 1217 284 1233 ICUT
296 1217 315 1233 ad
330 1222 388 1238 corpus
403 1217 463 1233 habent
477 1222 494 1234 se
507 1218 584 1237 membra,

248 1243 270 1258 ita
282 1242 324 1258 vires
338 1242 358 1258 ad
372 1242 443 1258 animam
458 1242 552 1259 rationalem
566 1248 585 1259 ac

210 1267 290 1287 angelum.
306 1267 443 1285 Quemadmodum
460 1267 509 1283 etiam
526 1272 585 1288 corpus

209 1292 295 1308 adornatur
307 1291 359 1312 figura
371 1293 419 1312 atque
434 1291 487 1308 coloro
499 1296 528 1308 seu
543 1292 584 1311 luce,

209 1317 232 1332 sic
246 1317 289 1332 vires
303 1316 385 1332 habitibus
400 1316 452 1335 bonis,
467 1317 549 1336 virtuosis,
561 1322 585 1333 sa-

613 1071 629 1085 et
639 1069 722 1085 habitibus
732 1069 765 1084 vim
777 1069 869 1085 affectivam
879 1074 908 1085 seu
917 1069 995 1086 volunt·-

613 1096 646 1109 tem
653 1093 782 1114 perficientibus,
788 1093 891 1114 pulchritudo
898 1094 928 1110 ista
934 1094 994 1115 aliquo

613 1118 661 1134 modo
676 1118 754 1134 consistit.
770 1118 804 1134 lmo
819 1118 871 1134 totalis
886 1118 994 1139 pulchritudo

614 1143 677 1161 mentis,
690 1147 719 1163 per
730 1147 779 1163 quam
793 1142 853 1159 dicitur
867 1145 899 1159 tota
914 1143 992 1164 pulchra,

613 1169 686 1183 ornatum
697 1167 788 1183 intellectus
798 1169 846 1188 atque
855 1167 924 1184 affectus
935 1168 994 1189 requi<

613 1192 639 1210 rit,
652 1194 668 1207 et
682 1192 764 1210 vitiorum,
779 1196 853 1208 errorum
864 1197 883 1208 ac
895 1193 993 1213 passionum

613 1216 724 1237 expulsionem
742 1217 829 1237 prasexigit.
848 1217 934 1236 Postremo,
953 1218 993 1238 pul-

613 1241 687 1257 chritudo
701 1241 731 1257 ista
743 1241 828 1262 completa,
841 1246 860 1257 ex
875 1242 927 1261 donis,
939 1242 994 1259 benti-

612 1266 702 1285 tudinihus,
710 1266 790 1282 fructibus
798 1268 845 1287 atque
856 1267 943 1283 virtutihus
950 1272 994 1288 quo-

613 1291 699 1307 dammodo
710 1291 798 1312 integratur
809 1296 812 1307 :
824 1292 845 1308 ita
856 1292 899 1313 quod
909 1293 994 1314 coaptatio

614 1316 677 1335 horum,
691 1321 720 1332 seu
736 1316 821 1332 harmonia
837 1317 900 1333 interna
916 1322 936 1333 ex
954 1318 994 1335 isti-s
