1083 1563
128 240 191 253 numm,

123 510 127 521 1
131 510 173 521 luna.
176 513 191 523 m.

124 526 141 537 n,

198 114 229 131 288

199 161 248 177 bilius
262 163 337 182 operatur

199 186 250 202 forma
261 186 318 202 caritas
328 187 415 207 jucundius
426 189 502 207 operatur
512 189 528 202 et
538 191 573 207 pro-

199 211 240 226 nius.
253 211 289 232 Ipsa
301 216 365 232 quoque
376 211 424 227 duras
439 212 473 227 vias
485 216 574 232 omnesque

195 235 309 251 tribulationes
318 240 346 256 pro
354 235 416 252 Christo
427 236 464 251 facit
474 240 509 251 esse
516 236 573 256 jugum

198 264 246 275 suave
261 262 277 276 et
291 264 332 276 onus
347 260 382 276 leve
398 265 401 276 τ
416 265 453 276 nam
468 261 480 276 si
496 260 574 276 veraciter

197 286 266 300 aestuaus
274 284 328 303 fuerit,
337 285 359 300 nil
367 285 381 301 ei
390 285 469 305 poeualius
480 285 516 303 erit,
524 289 573 305 quam

197 311 262 330 propter
277 309 363 325 miserrimi
375 310 447 330 corporis
459 309 507 330 liujus
520 314 573 325 neces-

196 333 275 349 situdines
290 334 347 352 varias,
363 334 410 350 toties
424 339 433 349 a
448 334 475 350 Dei
490 334 572 350 vacatione

196 360 244 379 atquc
259 359 339 379 pneconiu
354 361 427 379 oportere
442 359 494 375 avelli.
510 359 540 374 Sed
557 360 573 374 et

197 385 262 404 propter
269 388 341 399 amorem
351 383 415 399 Domini
425 384 475 399 nostri
485 383 521 399 lesu
529 383 573 399 Chri-

196 408 222 427 sti,
231 408 279 424 faciet
287 413 315 424 nus
323 410 355 424 tam
366 408 457 424 caritativus
464 408 484 424 ad
492 408 573 429 proximos

197 433 239 448 sicut
253 433 273 448 nd
288 437 316 449 nos
329 433 376 454 ipsos⁴
390 433 425 451 Ouo
436 433 480 449 enim
492 433 572 449 Christum

323 119 343 131 n}
354 119 436 131 msTANTu
447 119 555 132 renmcnorus
566 120 622 131 mvmss
633 120 651 131 m·
662 120 735 132 ιίῦΙΑΝΔ.
744 125 764 128 -
771 120 806 132 AM.
815 121 852 132 ¹¹11

352 166 356 177 z
369 162 413 177 omni
428 162 470 178 enim
485 162 544 177 virtute
558 162 618 178 etAin
633 162 693 178 affectu
708 162 778 179 totaliter
792 163 843 184 quieti
857 162 977 184 eontentatique

601 191 667 202 ΘΓΙΙῙᾸΙΧΒ.

621 211 657 227 lliec
669 216 728 232 nempe
740 214 764 227 est
776 216 831 227 mensa
843 217 891 232 quam
904 212 977 228 Christus
991 217 1020 228 ιιι.
1029 221 1055 229 nu.

601 235 663 251 dilectis
675 238 692 251 et
702 236 758 252 electis
769 236 808 254 suis,
820 236 848 257 qui
859 238 932 257 ternpore
943 238 977 252 ten*
985 233 1027 245 ’'⁴³⁴'‘

601 260 665 275 tationis
676 262 767 276 constantes
779 261 872 281 persistunt,
882 261 962 281 disposuit
972 265 976 276 :

601 284 620 300 Ut
627 285 677 300 edatis
684 285 751 305 (inquit)
758 287 774 301 et
782 285 841 301 bibatis
848 290 897 306 super
904 290 977 301 mensam

602 313 653 324 meam
665 309 681 325 in
693 314 742 330 regno
753 314 794 325 meo.
806 310 824 325 Et
835 309 874 325 alibi
883 314 886 325 z
895 309 977 325 Comedite
985 314 1055 327 cn1.=.1.

600 333 641 353 (ait),
651 334 705 352 amici,
713 336 730 349 et
740 334 801 354 bibioe3
809 336 825 350 et
835 334 944 352 inebriamini,
953 338 977 350 e·-

601 358 665 374 rissimi.
682 358 701 374 Et
715 359 771 379 utique
786 359 816 374 rite
833 358 900 374 omnino
916 359 978 374 amieos
988 364 1056 377 :usu-m.

600 383 676 403 appellat,
688 388 728 404 quos
739 383 759 399 ad
771 388 843 399 mensem
854 383 902 399 talem
915 381 1002 399 iuvit-12⁵-

601 408 633 423 Hoc
642 408 702 429 quippe
712 408 732 423 ad
744 408 847 424 dilectionem
857 408 932 424 amicitiae
941 413 977 429 per-

601 432 646 450 tinet,
655 434 673 447 ut
683 432 719 453 quis
728 432 778 448 alium
788 433 808 448 ad
816 433 885 453 proprias
895 432 978 448 felicitatis

198 457 248 477 magis
258 457 346 478 diligimus,
358 462 377 473 eo
388 458 464 473 honorem
475 459 491 473 et
502 457 572 473 fructum
582 457 594 473 B
601 459 617 472 et
626 457 680 477 gloria!
690 457 830 478 participationem
840 459 916 473 assumat.
925 457 978 476 Ouum

198 482 277 502 passionis
288 484 304 497 et
314 482 396 502 sanguinis
408 482 444 502 ejus
454 482 536 498 ardentius
546 486 573 502 op-

198 508 232 522 tare
239 506 321 522 debemus⁴
330 507 407 525 Quoniam
418 511 456 527 ergo
466 507 493 522 ille
504 511 532 527 pro
539 511 573 522 om-

198 531 246 547 nibus
261 531 308 547 nobis
323 532 393 547 animam
410 531 468 552 posuit,
483 536 502 547 ae
519 536 573 552 super-

198 556 333 577 pretiosissimum
348 556 443 577 sanguinem
456 556 546 576 largissime
557 558 573 572 et

197 581 332 597 affectuosissime
344 581 391 600 fudit,
405 581 440 597 ideo
455 581 525 596 fructum
538 581 573 601 ejus

180 601 182 604 ’
197 606 214 621 in
226 606 302 622 omnibus
314 606 405 622 desiderare
418 605 501 624 debemus,
514 607 530 621 et
545 609 574 626 pro

141 1006 171 1018 leid*
178 1007 188 1017 ι.

121 1151 131 1162 11
135 1151 189 1164 aaran.

197 631 259 646 viribus
268 631 288 646 ad
298 631 328 646 hoc
338 630 426 651 cooperari,
434 635 452 646 ac
462 634 526 646 summo
533 635 573 650 prie-

197 660 253 671 cavere
261 655 345 671 conamine
353 660 373 671 ne
381 657 436 671 nostro
443 655 522 671 demerito
530 655 573 670 salus

197 680 262 695 alterius
277 680 302 696 vel
316 680 414 700 impediatur
431 679 456 695 vel
471 679 553 695 minuatur
569 684 572 694 z

198 705 230 720 imo
240 706 306 720 eatenus
315 705 366 720 vitare
376 704 470 720 conabimur
480 704 572 720 scandalum

197 729 332 750 dispendiumque
348 729 447 745 confratrum
465 729 488 744 uti
504 731 521 744 et
538 733 573 749 pro-

601 486 638 502 crgo
650 482 691 497 Deus
703 482 843 502 superessentialis
854 484 870 497 et
881 482 939 500 bonus,
946 482 980 498 ele-

601 508 634 521 ctas
648 511 685 522 suas
697 508 778 522 creaturas
790 506 809 522 ad
821 508 884 522 aeternm
896 511 929 522 snm
941 506 979 522 bea<

601 530 674 546 titudinis
691 531 822 547 communionem
836 531 911 550 admittit,
927 536 979 552 quum

601 560 617 571 se
626 555 679 576 ipsum
687 555 710 571 eis
718 556 737 571 ad
745 555 831 571 fruendum
840 556 979 576 impendit‚quum

600 580 654 596 omnia
662 580 703 596 bona
714 585 743 596 sua
752 580 776 596 eis
785 580 821 596 siue
828 580 918 596 velemento
925 582 979 596 osten—

600 605 629 623 dit,
639 609 737 625 omnemque
749 605 848 620 voluntatem
861 609 916 621 earum
926 605 979 621 edim-

601 629 639 650 plet,
647 634 697 650 quum
706 629 722 645 id
732 629 775 650 quod
785 631 810 645 est
818 629 852 650 ipse
860 634 889 650 per
898 632 978 648 naturam,

600 656 638 669 sunt
652 654 691 674 ipsae
707 658 736 674 per
749 654 828 674 gratinm3
843 654 881 669 dum
899 654 979 670 immensa

600 683 629 694 sua
636 678 721 694 dulcedine
729 680 777 699 atque
786 678 841 694 lmtitia
848 679 871 694 sic
879 680 912 695 tot-a
920 683 978 695 earum

600 703 647 719 eorda
654 703 712 722 afficit,
718 703 800 724 adspergit
805 705 821 719 et
826 703 878 722 satiet,
883 705 901 719 ut
905 704 978 724 undique

600 728 643 743 omui
655 728 755 748 jucunditate
766 728 789 743 sic
800 727 923 748 supereffluant,
933 729 977 749 quod

197 754 261 774 prium3
272 754 297 769 sin
308 755 367 772 autem,
377 758 409 769 non
420 753 490 774 perfecte
500 758 573 769 amamus
582 753 593 769 C
600 757 617 768 se
629 752 671 773 ipsas
684 757 717 773 prm
729 752 808 768 suavitate
821 754 838 768 et
851 752 902 773 gloria
917 753 977 773 quibus

198 778 284 797 Christum,
293 783 321 794 nee
329 778 364 798 ejus
372 778 487 796 desideramus,
496 780 514 794 ut
521 778 572 796 decet,

198 803 281 821 honorem,
291 803 434 823 proximorumque
444 802 517 818 salutem.

285 884 408 900 ARTICULUS
420 884 483 900 XXIX.

203 925 227 940 De
236 926 347 939 consummata
359 926 374 939 et
384 924 434 943 plena
447 923 565 938 assimilatione

351 946 416 961 divina.

231 1000 269 1016 UNC
280 1000 311 1016 filii
322 1000 350 1015 Dei
362 1004 424 1018 sumus,
435 1001 451 1015 et
462 999 533 1015 nondurn
546 1003 572 1019 sp·

238 1024 291 1045 paruit
303 1024 342 1045 quid
354 1024 425 1043 erimus;
438 1024 498 1039 scimus
511 1026 571 1042 autem,

600 781 665 798 prorsus
676 777 719 793 intus
727 777 798 798 forisque
809 779 891 798 oecupatae
898 779 941 796 sunt,
949 777 977 794 vix

599 806 656 822 capere
667 803 727 822 queant
738 806 742 817 z
754 803 792 817 tunc
804 801 861 822 utique
873 804 916 818 reete
927 802 977 818 amici

600 826 681 844 dicuntur,
692 828 708 842 et
718 826 777 842 divine
790 826 865 842 amicitia
877 827 977 843 communio-

600 855 637 866 nem
648 850 716 866 feliciter
725 850 836 871 experiuntur.

620 875 705 891 Enimvero
716 877 755 891 tuuc
766 875 838 896 perfecte
848 877 865 891 et
875 875 921 896 plene
929 876 945 892 ei
957 876 978 891 si-

600 899 646 915 miles
654 900 720 915 erimus.
729 900 773 915 Tune
783 904 858 921 nemque,
866 902 883 915 et
893 905 925 916 non
932 903 976 919 ante,

600 924 670 945 perfecte
677 924 803 945 adimplebimus
811 924 851 940 illud
858 925 928 940 caritatis
936 930 976 946 pra-

599 951 664 970 ceptum
678 953 681 964 :
695 949 754 969 Diliges
767 949 853 964 Dominum
866 949 916 965 Deum
928 952 976 966 tuum
993 956 1065 969 mmm&

599 978 618 989 ex
629 976 662 989 toto
673 973 721 989 corde
732 975 765 992 tuo,
776 975 792 989 et
803 978 823 989 ex
834 975 867 989 tota
877 974 932 990 anima
942 976 976 993 tua,
985 972 1066 998 ss’ussm·

598 1000 615 1014 et
627 998 643 1014 in
655 1000 688 1014 tots
700 1000 753 1014 mente
766 1000 798 1017 tue,
812 1000 828 1014 et
840 1003 859 1014 cx
874 999 919 1014 omni
932 999 978 1015 forti-
1001 996 1004 999 “

599 1023 654 1038 tudine
665 1025 697 1038 tua.
706 1023 750 1038 Tune
761 1023 843 1043 equidem,
854 1023 977 1044 praesertimque

196 1049 272 1070 quoniam
281 1053 331 1069 quum
339 1048 437 1069 apperuerit,
445 1048 507 1063 similes
516 1048 531 1063 ei
541 1048 571 1063 eri·
579 1047 592 1063 D
600 1049 635 1068 post
647 1047 781 1063 resurrectionem
796 1047 865 1066 beatam,
879 1048 948 1064 totaliter
961 1051 978 1064 et

196 1078 238 1092 mus,
248 1073 325 1094 quoniam
336 1073 427 1089 videbimus
437 1077 474 1088 eum
484 1072 532 1088 sicuti
541 1074 570 1088 est.

195 1098 241 1114 Nunc
256 1098 331 1118 equidem
344 1101 375 1113 non
388 1097 462 1112 videmus
473 1101 511 1112 eum
524 1097 571 1112 sicuti

196 1124 225 1141 est,
239 1123 277 1143 quia
289 1127 320 1138 nun
333 1122 407 1138 videmus
419 1126 457 1137 eum
470 1122 486 1137 in
501 1126 517 1137 se
530 1121 571 1142 ipso,

196 1147 223 1163 sed
239 1147 255 1163 in
270 1147 346 1163 creaturis
361 1146 443 1162 dumtaxat
459 1150 462 1161 :
479 1150 507 1166 per
521 1146 571 1162 Iidem

196 1177 266 1193 namque
280 1171 388 1189 ambulamus,
403 1175 435 1186 uon
452 1175 480 1192 per
494 1170 570 1191 speciem.

195 1197 247 1216 Quum
255 1201 293 1212 vero
301 1197 351 1212 Deum
359 1201 387 1217 per
394 1195 465 1216 speeiem
474 1195 570 1214 videbimus,

195 1224 234 1238 tune
244 1222 298 1242 ipsum
308 1221 363 1236 lumen
373 1220 452 1238 divinum,
461 1225 489 1236 seu
500 1220 571 1236 divinam

195 1246 281 1263 essentiam
293 1246 309 1261 in
320 1250 338 1261 se
349 1246 389 1266 ipsa,
398 1245 440 1261 elara
452 1245 527 1266 felicique
537 1245 571 1261 acie

195 1273 243 1292 atque
252 1271 362 1291 irrepercusso
374 1272 422 1290 atque
434 1270 527 1285 immediato
536 1274 571 1290 pro-

195 1298 251 1317 spectu
267 1299 358 1313 cernemus,
376 1294 456 1310 cernendo
475 1294 571 1313 amabimus,

195 1320 263 1337 amando
277 1320 356 1338 fruemur,
367 1319 436 1335 fruendo
450 1323 487 1335 vere
499 1319 541 1335 beati
556 1321 572 1335 et

599 1077 663 1093 semper
671 1072 687 1087 in
698 1074 734 1087 actu
745 1072 868 1088 inavertibiliter
876 1072 908 1088 Deo
914 1073 978 1089 erimus

599 1097 664 1112 couniti.
677 1096 713 1117 lpsa
724 1097 767 1112 enim
779 1096 853 1112 voluntas
864 1097 936 1113 divinam
948 1097 977 1114 bo-

599 1122 665 1137 nitatem
681 1121 804 1137 aestunntissima
816 1126 835 1137 ac
847 1122 938 1138 incessabili
950 1123 977 1138 di-

599 1146 667 1162 lectione
678 1146 743 1164 amabit,
753 1146 860 1167 amplectetur
870 1148 886 1162 et
896 1147 978 1163 desidera-

599 1171 630 1191 bit3
634 1171 723 1187 intellectus
728 1171 744 1187 in
749 1171 807 1187 divium
812 1171 883 1187 veritatis
888 1171 978 1189 claritatem

599 1198 686 1216 mergetur,
693 1198 710 1211 et
717 1195 775 1211 divinae
785 1196 826 1211 lueis
836 1196 928 1212 immediato
939 1201 978 1213 con-

599 1221 641 1236 tuitu
648 1220 745 1236 eternaliter
752 1220 768 1236 iu
777 1220 809 1236 Deo
816 1220 876 1241 rigetur
882 1225 887 1240 ;
894 1222 978 1242 appetitus

599 1250 637 1261 vero
649 1245 720 1263 inferior,
729 1245 816 1260 sensitivus
827 1249 897 1266 quoque,
905 1248 921 1261 et
932 1251 977 1265 caro,

600 1270 616 1285 in
629 1269 674 1285 nullo
686 1269 751 1290 penitus
766 1271 837 1285 mentem
851 1275 861 1286 a
873 1270 927 1286 divina
939 1275 978 1287 eon-

600 1294 704 1315 templatione
714 1294 807 1314 impedient,
815 1294 843 1310 sed
853 1295 868 1310 ei
878 1295 948 1315 perfecte
956 1296 978 1312 ad

599 1321 656 1335 nutum
660 1319 740 1337 obedient,
743 1321 791 1339 atque
796 1319 899 1335 inenarrabili
904 1320 979 1337 acciden-
