1083 1563
134 861 155 871 ιιιΔ

124 879 160 887 nm.

187 119 207 135 90
378 124 398 136 DE
408 124 470 136 mrum
480 124 540 136 fflsslssl
551 124 569 136 ΒΤ
580 124 615 136 ῪΒΙΙΙ
627 124 656 136 um.
668 129 688 132 -
698 124 733 136 ΛΚΤ,
745 125 775 136 Lvu

188 167 224 182 dam
239 167 290 183 forma
302 167 336 183 sive
348 167 417 183 essentia
429 167 475 187 cujus
487 167 562 188 proprius
570 167 582 183 A
589 167 658 188 cognitio
665 172 669 187 ;
677 169 739 183 constat
745 168 788 189 quod
796 168 831 189 ipse
838 168 882 184 omni
892 167 965 184 interiori

188 193 233 207 actus
245 193 269 207 est
281 192 373 208 illuminare
385 194 401 207 et
414 192 484 207 lucidum
499 192 562 211 lacere3

188 216 292 232 concedimus
300 216 342 237 quod
351 216 378 232 lux
385 216 417 232 Deo
426 218 442 232 et
451 216 563 237 spiritualibus

189 240 253 261 proprie
263 241 344 259 convenit,
356 241 430 262 quamvis
441 241 460 256 ad
471 241 512 257 hanc
522 241 563 256 lucis

188 268 261 281 naturam
270 266 425 286 cognoscendam,ex
433 266 515 281 sensibilis
523 266 563 281 lucis

188 290 244 306 notitia
255 290 308 311 primo
318 290 418 306 occasionem
430 291 552 311 sumpserimus.

285 356 407 373 ARTICULUS
419 356 470 372 LVII,

205 392 229 407 De
239 392 366 410 pulchritudine
378 397 445 406 ,mmmm
456 394 522 407 natura·
534 394 548 407 et

245 414 346 433 speciositate
356 414 418 429 divinae
428 414 506 429 essentne.

589 192 631 208 visui
648 192 780 208 intellectualium
797 194 906 209 creaturarum
923 192 966 208 bene

589 217 708 237 dispositarum,
726 222 789 233 summe
805 222 824 233 ac
840 217 900 238 optime
916 219 966 238 atque

590 242 737 263 incomparabiliter
747 242 804 263 placet,
815 244 891 263 tanquam
901 247 965 258 summe

590 267 687 283 conveniens
698 267 726 283 eis⁴
735 268 791 283 Merito
801 268 851 288 igitur
860 267 901 283 Deus
912 267 965 283 lauda-

590 293 616 307 tur
623 293 641 307 ut
648 292 715 307 decorus
723 293 738 307 et
746 292 965 312 superpulcherrimusdmo,

590 321 640 337 quum
650 316 713 332 bonitas
726 316 754 332 Dei
766 316 806 332 nulli
820 316 870 332 menti
881 318 937 332 creatae
948 316 965 332 in

590 343 651 356 tantum
662 341 724 361 placeat
734 341 818 362 placerevo
829 341 879 362 possit
890 343 907 357 nt
917 341 965 361 dignu

590 368 619 384 est,
630 370 659 381 nec
670 367 702 381 tarn
713 365 783 386 perfecte
795 368 811 381 et
822 368 865 382 cerie
877 366 966 382 innotescat

590 390 632 406 sicut
641 390 754 410 cognoscibilis
761 392 791 409 est,
799 391 827 406 sed
837 390 867 406 soli
877 390 932 406 divino
942 390 966 405 in-

590 415 661 430 tellectui
674 414 744 435 perfecte
754 417 770 430 et
780 415 828 436 plene
840 415 939 435 complaceat
949 417 965 430 et

591 439 689 459 innotescam
704 439 757 459 palam
771 439 813 460 quod
828 439 883 455 divina
897 439 966 455 essentia

225 463 278 479 ERUM
293 465 370 484 praterea
386 463 475 479 visibilium
493 463 563 484 pulchri·
573 464 620 484 Bper
634 463 769 484 comparationem
782 464 801 479 ad
815 463 914 479 intellectum
925 463 966 479 divi-

232 488 270 503 tudo
284 487 300 503 in
313 487 376 503 duobus
390 488 468 506 consistit,
483 488 563 506 videlicet,

190 512 206 528 in
214 512 267 528 debita
275 512 369 528 habitudine
378 517 407 528 seu
418 513 519 528 convenienti
531 518 565 534 pro-

190 537 263 557 portione
271 537 340 557 partium
349 537 390 553 inter
400 542 417 553 se
428 539 444 553 et
453 537 472 553 ad
484 539 540 556 toturn,
549 540 564 553 et

190 561 228 577 item
239 561 255 577 in
266 566 337 581 congrua
347 561 460 582 superfusione
470 562 528 578 coloris
537 564 565 577 aut

190 586 257 602 luminis
272 588 324 607 partes
339 586 410 607 corporis
428 586 530 602 informantis
546 591 564 602 ac

189 610 284 626 decorantis.
295 610 389 631 Spirituales
400 613 454 626 antem
465 611 564 629 substantias,

190 637 242 656 partes
260 640 292 651 non
307 635 371 653 habent,
386 640 438 656 neque
453 636 523 651 colorem
537 638 565 651 aut

190 660 243 676 lucem
255 660 353 676 sensibilem⁴
365 660 423 676 Earum
434 660 483 680 igitur
495 660 565 681 pulchri-

190 684 228 700 tudo
241 685 257 700 in
269 684 323 700 debita
333 685 426 705 operatione
438 687 454 701 et
465 687 508 701 recto
519 685 565 701 iutel-

191 709 241 725 lactus
248 709 310 729 judicio
317 711 341 725 est
351 709 428 730 ponenda.
438 709 512 730 Operatio
521 714 565 725 nam-

190 738 222 754 que
231 738 248 749 se
255 733 303 749 habct
310 734 330 749 ad
338 734 418 754 operantis
428 734 514 750 essentiam
523 734 565 750 sicut

591 493 636 506 num,
651 488 672 504 sit
686 488 754 504 infinum
769 488 894 509 pulchritudinis
908 490 924 503 et
938 488 966 503 im-

591 513 643 529 mensi
658 512 719 528 decoris
735 517 739 528 2
754 515 770 528 et
788 512 824 529 ideo
839 512 908 533 adspicit
924 512 966 528 Deus

591 537 692 558 omnipotens
702 537 807 558 semetipsum
819 537 861 553 sicut
871 537 931 553 honum
941 542 967 552 su-

592 561 712 583 perpulchrum,
721 564 736 577 et
744 562 786 577 sicut
793 562 930 582 pulchritudinem
940 566 967 577 su-

592 586 722 607 peressentialem
738 591 756 602 ac
773 591 811 602 vere
825 590 922 607 prorsusque
937 586 967 602 im-

593 616 669 627 mensam,
678 611 721 626 Unde
731 613 747 626 et
758 611 799 626 Deus
809 611 862 631 placet
870 610 967 631 sibimetipsi

592 635 708 656 complacentia
720 635 789 653 infinita,
801 637 817 651 et
830 635 845 651 in
856 635 886 651 hoc
897 635 967 656 possidet

593 660 627 681 ipse
637 660 753 676 beatitudinem
763 660 884 681 sempiternam,
892 660 967 680 indepen-

592 685 662 703 dentem,
671 684 757 705 perlectam
769 689 787 701 ac
798 685 885 706 propriam.

613 709 689 730 Denique.
698 714 733 729 quae
741 709 819 725 lucidiora
826 711 842 725 et
849 709 913 730 puriora
920 714 968 729 appa—

593 736 633 752 rent¹
640 734 707 754 pulchra
715 736 796 749 vocantur⁴
802 734 847 750 Nunc
855 736 908 749 autem
915 736 968 750 osten-
975 742 981 749 2

192 758 282 774 membrum
290 758 309 774 ad
318 762 386 779 corpus3
394 760 409 774 et
419 758 530 774 intellectualis
540 763 566 774 co-
574 760 585 776 C
592 764 628 775 suin
640 758 719 777 recordor.
729 758 772 779 quod
782 758 824 774 Deus
836 761 860 774 est
872 763 904 774 non
915 758 967 774 solum

190 783 241 803 gnitio
258 783 281 798 sic
298 783 407 804 operationem
426 785 500 799 venustat
518 785 566 804 atque

191 807 418 828 illuminatsquemndmodum
427 808 481 823 lumen
489 808 566 823 sensibile

191 837 219 847 seu
231 832 325 853 splendidus
337 832 381 848 color
393 832 482 853 corporalia
494 832 566 848 membra

163 858 219 872 amant
230 857 302 877 corporis
314 859 371 877 partes,
380 857 431 875 Quum
443 861 480 877 ergo
492 857 567 877 superius

191 881 289 897 declaratum
297 882 323 900 sit,
331 882 374 902 quod
384 882 426 897 actio
436 882 469 900 Dei,
478 882 566 902 prasertim

191 906 286 924 immanens,
302 906 323 922 sit
337 906 435 927 sempiterna
452 908 468 922 et
485 907 516 922 Deo
531 911 567 922 con-

191 931 317 949 venientissima,
333 931 446 949 connaturalis,
464 931 567 947 consubstan-

191 955 233 971 tialis
241 958 257 971 et
264 955 390 976 superjucundn,
398 956 441 976 quod
449 956 488 971 item
498 956 568 976 cognitio

191 980 283 996 intellectus
290 980 341 996 divini
351 980 372 996 sit
383 980 488 998 incessabilis,
497 980 567 1001 sploudi-

191 1005 263 1023 dissima,
276 1005 381 1025 omniumque
392 1009 429 1020 cum
441 1004 505 1020 infinita
516 1005 569 1025 limpi-

192 1030 241 1045 ditate
248 1032 296 1050 atque
305 1029 432 1046 incommutabili
443 1029 535 1045 sinceritate
546 1029 568 1045 in—

593 784 648 800 lucens
659 785 675 799 et
686 788 735 804 purus
745 788 763 799 ae
774 783 873 804 splendidus,
882 783 909 799 sed
918 783 967 799 etiam

593 808 635 829 qnod
643 808 677 828 ipse
685 810 709 823 est
717 807 743 823 lux
751 809 815 826 aeterna,
823 807 967 828 incircumscripta.

594 833 669 854 perfecta,
680 835 696 848 et
707 832 749 853 quod
760 837 794 848 esse
805 832 885 850 divinum,
895 834 919 848 est
930 832 967 847 sub-

593 857 687 873 stantialiter
695 857 749 872 lumen
757 857 854 872 immensum
861 861 865 876 3
873 857 917 875 item,
925 856 968 877 quod

594 882 635 897 Deus
648 886 679 897 non
692 881 744 897 solum
756 883 781 897 est
795 886 845 902 purus
859 886 878 897 ae
892 881 967 901 simplex.

987 887 1011 896 -ι-ι.
1021 889 1041 897 u.

594 907 622 922 sed
630 906 682 922 unitas
692 906 812 926 simplicissima
822 908 837 921 et
847 906 908 927 puritas
917 906 968 922 omni·
976 905 998 912 ¹¹¹
1019 905 1026 912 ¹

595 931 641 947 mode
649 931 756 951 impermixta.
762 931 804 946 Deus
809 935 847 951 ergo
854 932 878 946 est
886 931 940 946 lumen
945 935 969 946 es-

594 955 683 971 sentialiter
691 960 749 976 purum
760 957 776 970 et
786 959 826 975 pure
835 955 968 973 immensum‚vel

595 980 648 1000 potius
660 980 687 995 lux
698 980 772 1000 puritatis
783 980 872 998 immensae,
881 981 897 995 et
909 980 969 1000 puritas

595 1005 636 1020 lucis
648 1004 742 1020 interminie⁴
755 1004 812 1024 Liquet
824 1009 861 1024 ergo
873 1004 914 1025 quod
928 1004 969 1020 Deus

595 1034 626 1045 non
642 1028 694 1045 solum
709 1029 730 1044 sit
743 1028 810 1049 pulcher
824 1030 840 1044 et
853 1028 970 1049 snperpulcher

191 1054 259 1074 tuitiva;
273 1054 340 1075 patescit
354 1054 396 1075 quod
411 1054 452 1070 Deus
467 1054 540 1070 excelsus
552 1056 568 1070 et
576 1054 588 1069 D
595 1056 642 1074 atque
653 1053 777 1074 pulcherrimus,
785 1053 813 1069 sed
821 1053 864 1073 quod
872 1053 892 1069 sit
900 1053 970 1074 pulchri-

192 1079 237 1097 lelix,
245 1079 266 1094 sit
274 1079 341 1099 pulcher
350 1081 366 1094 et
376 1083 413 1094 vere
421 1079 539 1099 pulcherrimus
547 1081 568 1095 at-

192 1108 223 1124 que
235 1103 365 1124 incomparabilis
376 1103 505 1124 pulchritudinis,

213 1128 291 1148 Denique,
300 1128 385 1148 pulchrum
398 1130 464 1144 vocatur
473 1128 516 1149 quod
526 1128 568 1144 visui

193 1152 248 1173 placet„
261 1152 313 1171 Quum
325 1157 363 1173 ergo
377 1152 419 1168 Deus
432 1152 506 1168 sublimis
517 1154 533 1168 et
546 1157 568 1168 sa·

193 1176 244 1197 piens,
253 1176 274 1192 sit
284 1176 300 1192 in
310 1181 327 1192 se
339 1177 374 1197 ipso
384 1177 447 1193 bonitas
458 1177 527 1195 infinita,
535 1181 568 1193 om-

193 1201 238 1217 niurn
255 1201 334 1217 bonorum
351 1201 466 1222 perlectionem
481 1202 568 1222 simplicis-

193 1226 234 1242 sime
247 1226 336 1246 possidens,
351 1226 385 1241 sine
400 1226 446 1246 cujus
461 1226 568 1247 omnipotenti

193 1251 252 1266 virtute
264 1252 312 1271 atque
327 1250 397 1266 bonifica
412 1251 531 1266 manutenentia
546 1251 568 1266 nil

193 1280 228 1291 osse
236 1275 261 1290 vel
270 1275 311 1291 bene
318 1279 353 1291 esse
361 1277 418 1295 potest,
427 1275 459 1291 imo
467 1280 516 1295 quum
528 1275 569 1291 Deus

193 1299 214 1315 sit
226 1299 284 1315 veritas
297 1299 348 1320 prima
359 1301 375 1315 et
386 1299 464 1320 sapientia
475 1299 550 1318 increata,
560 1304 569 1315 a

193 1329 225 1345 qu·
232 1324 285 1340 omnis
293 1326 317 1340 est
326 1324 384 1340 veritas
392 1326 407 1340 et
416 1324 512 1340 illuminatio
522 1327 570 1345 atque

596 1078 634 1095 tudo
649 1078 775 1094 substantialiter
790 1078 863 1098 pulchra,
877 1078 970 1098 speciositas

596 1103 665 1121 infinita,
671 1103 691 1118 ad
699 1102 793 1118 intuendum
800 1102 876 1123 jucunda,
882 1103 901 1118 ad
910 1102 970 1123 pertru-

595 1128 655 1143 endnm
666 1127 725 1145 suavis,
733 1127 753 1142 ad
764 1127 878 1147 possidendum
889 1127 969 1143 deliciosn.

615 1153 635 1168 At
643 1156 686 1170 vero,
694 1151 773 1172 quidquid
780 1151 879 1167 excellentiae
886 1151 902 1167 in
911 1153 971 1167 creatu-

596 1177 618 1192 ris
633 1176 700 1195 exsistit,
714 1176 783 1192 Creatori
798 1180 835 1191 cum
849 1176 970 1197 incomparabili

596 1201 691 1217 exaltatione
699 1203 746 1221 atque
754 1200 833 1216 immensa
840 1200 928 1216 eminenti·
935 1205 971 1216 con-

595 1225 644 1241 venit.
656 1225 724 1241 Mundus
736 1229 779 1243 vero,
793 1227 811 1240 ut
823 1225 839 1240 in
852 1225 905 1245 primo
916 1225 971 1241 Timaei

595 1250 638 1266 Plato
645 1252 717 1268 testatur,
721 1249 849 1270 speciosissimus
857 1252 881 1265 est
888 1251 904 1265 et
911 1250 971 1265 incom-

596 1274 663 1295 parabili
679 1274 799 1295 pulchritudine
813 1274 904 1292 adornatns,
917 1279 972 1294 quern-

596 1299 682 1315 admodum
693 1298 766 1315 ordinem
779 1298 849 1319 partium
861 1298 897 1318 ejus
909 1300 925 1314 et
937 1298 971 1314 uni-

597 1324 638 1340 versi
657 1323 754 1344 principales
772 1325 824 1344 partes
841 1323 972 1344 singularumque
