1083 1563
211 108 242 124 33⁸

529 113 549 125 ΒΙ
559 113 634 125 nunnius
644 113 670 125 BR!

211 155 278 175 gloriam
291 158 307 171 et
318 156 395 172 honorem
405 156 465 176 jugiter
477 155 585 172 immolemus*
593 156 606 172 A
614 156 693 177 penderit,
701 161 718 172 se
725 156 836 172 defectuosum
844 155 931 176 proclamat
940 157 989 176 atque

232 180 321 196 Gratiarum
338 181 380 196 actio
396 181 494 201 sempiterna
513 181 533 196 sit
551 181 586 199 tibi,

212 205 285 221 voluntas
295 205 354 223 divina,
365 210 393 226 pre
405 205 449 221 omni
462 205 504 221 bono
515 206 558 226 quod
571 205 586 221 in

212 230 287 245 universo
297 230 354 248 fecisti,
363 234 410 246 eflusa
422 230 478 250 prima,
489 230 587 250 sapientialis

212 256 227 270 et
238 256 292 270 saneta
302 256 349 275 atque
361 254 448 270 liberrima,
456 255 511 270 Amen.

306 306 350 321 lmus
357 306 389 321 Dei
396 308 414 321 ut
422 308 491 321 sanctus.

232 352 254 368 Tu
261 352 310 371 solus,
319 352 385 368 Domine
393 352 435 368 Deus
444 354 503 370 nester,
512 352 587 368 essentia-

212 376 248 393 liter
257 378 322 393 sanetus
334 381 361 396 es;
372 379 388 393 et
398 379 425 392 tua
438 377 513 393 sanctitas
525 379 549 393 est
561 379 587 393 tua

211 401 344 422 superbenedicta
358 401 433 420 essentia,
446 406 499 417 rerum
514 402 587 417 omnium

211 426 276 446 plastes.

231 450 255 466 Tu
271 451 320 469 enirn,
336 451 403 466 Domine
421 451 462 467 Deus
479 451 586 472 omnipotens,
596 450 608 466 B

211 480 229 491 es
236 475 311 491 sanctitas
319 475 335 491 in
343 477 359 491 te
366 475 461 494 subsistens,
470 480 509 496 pura
517 478 533 491 et
542 480 587 496 sepa-

212 502 250 518 rata,
259 500 337 516 universes
345 500 425 520 puritatis,
433 500 497 516 virtutis
506 505 525 516 ao
535 500 587 521 perfe-

212 524 269 540 ctionis
287 524 413 540 substantialiter
430 529 448 540 ac
467 525 587 545 simplicissime

212 549 307 565 contentiva⁴

231 573 253 589 Tu
262 573 323 594 quippe
331 573 358 589 lux
366 573 408 591 viva.
413 573 532 592 intellectualis,
541 578 587 589 mun-

210 597 282 616 dissima,
295 598 311 613 in
325 603 356 619 qua
368 603 402 614 esse
415 602 447 614 non
460 598 501 614 valet
513 598 586 614 materia-

210 622 246 638 litas
256 624 284 638 aut
294 622 408 638 defectuositas
418 622 454 638 ulla.

230 647 246 662 ln
258 649 273 662 te
284 647 328 662 nulla
338 647 401 668 impura
409 647 478 665 affectio,
487 647 514 663 sed
525 647 585 666 divina,

209 671 333 690 ordinatissima,
352 672 488 692 splendidissima,
505 672 585 692 superfer-

209 701 249 712 vens
259 696 329 712 dilectio.

230 721 246 736 ln
259 722 275 736 te
287 725 352 741 quoque
364 720 478 741 contemplatio
492 721 585 739 affectuosa,

209 745 298 763 verissima,
307 745 333 761 eui
341 745 385 761 nulle
393 745 486 764 nescientia,
496 745 585 761 fallibilitns
595 744 605 761 C

209 772 236 785 aut
247 770 351 791 incompletio
361 771 385 786 est
396 770 471 786 admixta>

229 794 264 811 Rite
271 799 290 810 ac
298 795 486 815 prnpriissime,l)omine
494 795 535 810 Deus
543 795 585 811 altis-

209 819 255 837 sime,
263 821 328 835 sanctus
336 819 403 838 voceris,
412 824 462 840 quum
474 819 585 835 universaliter

209 843 231 859 sis
238 843 287 859 tutius
295 843 338 862 boni,
344 844 418 862 virtuosi,
424 844 491 862 honesti,
497 844 584 864 exemplar,

209 868 254 889 origo
264 870 280 884 et
291 868 334 884 finis.

228 893 246 908 In
254 895 269 909 te
277 895 361 914 peceatum
371 893 428 909 cadere
439 893 500 913 nequit,
509 893 584 913 quoniam

208 917 251 933 aliud
263 917 292 933 tihi
303 917 341 933 finis
353 922 454 938 nequaquam
467 917 545 935 consistit,
557 918 584 933 sed

208 944 225 957 tu
240 942 269 957 tibi
282 947 299 957 es
314 942 358 960 finis,
371 942 398 962 qui
412 946 443 958 non
455 942 475 957 ad
487 942 530 957 aliud
542 942 584 958 ordi-

208 966 256 982 naris*

228 991 262 1007 Non
274 993 328 1007 autem
339 991 418 1011 contingit
430 995 502 1011 peccare,
513 991 543 1007 nisi
556 996 585 1012 per

208 1020 289 1031 recessum
305 1020 314 1031 a
329 1017 345 1031 te
360 1016 433 1031 omnium
451 1016 512 1031 entium
528 1016 584 1031 ultimo

208 1040 246 1056 fine.

228 1065 261 1080 Tua
273 1064 348 1080 sanctitas
360 1066 385 1080 est
394 1069 431 1080 vere
441 1065 507 1080 omnino
518 1065 584 1081 immen-

208 1094 230 1107 sa,
242 1094 292 1109 quum
304 1093 335 1104 non
348 1089 368 1104 sit
380 1089 424 1104 aliud
435 1094 483 1110 quam
494 1089 549 1105 divina
560 1094 584 1105 es-

207 1113 258 1129 sentia
266 1113 402 1134 superpurissima
413 1113 541 1134 simpliciterque
550 1119 584 1134 per-

208 1138 253 1154 fecta.

227 1162 294 1178 Sanetus
304 1167 326 1181 es,
337 1162 403 1178 Domine
416 1162 457 1178 Deus
469 1165 528 1182 noster,
539 1163 556 1178 in
568 1165 583 1179 te

207 1187 247 1208 ipso,
261 1189 325 1203 sanctus
340 1187 356 1203 in
369 1191 417 1208 opere
432 1189 464 1206 tuo,
477 1192 506 1203 nec
521 1190 546 1203 est
559 1188 583 1203 tui

207 1212 311 1232 reprehensio
321 1212 355 1227 ullo
366 1212 418 1227 modo.

226 1236 263 1252 'l'uae
273 1236 362 1252 sanctitatis
374 1238 454 1256 respectu,
462 1236 521 1252 nedum
532 1236 583 1252 homi-

206 1266 251 1279 num,
269 1261 296 1277 sed
314 1261 380 1281 insuper
396 1260 490 1281 angelorum
507 1261 582 1277 sanctitas

206 1286 299 1307 puritasque
307 1285 399 1304 oocurnffim
407 1287 423 1301 et
433 1287 582 1306 quantumcumque

207 1311 243 1332 quis
250 1313 315 1326 sanetus
323 1310 349 1329 sii,
357 1310 370 1326 si
381 1312 425 1326 tuam
436 1310 535 1326 sanctitatem
547 1315 582 1331 per·

614 181 693 201 profunde
704 181 783 196 humiliat,

634 205 689 221 Cordis
701 205 823 221 sanctimoniam
839 205 908 225 requiris
921 209 940 220 ac
954 204 990 220 dili-

613 230 643 250 gis,
649 232 665 245 et
672 230 752 245 sanctitati
760 230 807 250 digne
814 229 906 250 jugiterque
914 229 989 247 intentos,

614 254 644 270 tibi
654 254 741 270 familiares
751 256 768 270 et
778 254 816 270 item
828 254 919 270 carissimos
929 253 989 269 efficis.

635 279 663 297 Tu,
672 279 713 294 Deus
721 283 778 299 magne
785 281 802 294 et
808 279 856 299 justae,
864 278 917 294 omnis
926 283 943 294 es
954 283 990 294 san—

614 303 673 319 ctitatis
681 303 745 319 fontana
752 303 802 323 origo.
807 303 892 323 omnisque
901 303 990 321 munditia,

614 328 726 348 primm-dialis,
744 328 798 343 finalis
814 332 833 343 ae
850 327 990 343 honorabilissima

615 353 659 368 ratio<

634 377 657 393 Tu
665 377 709 393 solus
716 379 780 398 peecata
787 377 861 396 dimittis,
869 379 885 393 et
893 377 913 393 de
921 376 991 392 immun·
999 380 1063 392 stamus.

615 402 635 417 do
646 404 742 422 conceptum
757 402 825 420 semine,
838 402 916 417 mundum
931 401 991 417 consti·
998 396 1020 407 Μ
1026 398 1061 408 “’“·“’

615 427 652 442 tuis.

635 475 702 491 Omnem
711 475 727 491 in
737 477 814 491 internum
824 480 833 491 a
844 475 890 491 nobis
898 475 949 496 eulpoe
957 480 991 491 ma-

614 500 667 515 culam
677 500 717 518 dele,
727 502 743 515 et
750 499 829 520 quidquid
839 500 940 516 sanctitatem
948 500 992 515 tollit

614 524 706 542 mentalem,
714 524 734 540 da
743 528 838 545 prneavere.

634 549 656 564 Ds
666 551 739 564 sanctum
749 548 833 567 affectum,
841 548 913 564 animum
923 553 991 569 purum,

614 573 712 589 intellectum
720 573 819 589 deiformiter
827 573 935 591 ndi->summm
942 573 992 593 hujus

613 597 667 613 emenii
676 597 746 613 incolatu
753 597 873 618 eompletn,tibi
881 597 947 613 indilate
955 598 993 613 uni-

613 627 659 638 amur
670 622 686 638 in
698 622 801 638 beatitudinis
813 627 866 642 regno.

633 647 670 663 Tuae
677 647 763 665 sanctitati,
771 646 813 663 Deus
820 647 894 666 Trinitas,
900 652 940 668 pura
947 652 992 663 sern-

613 676 642 692 per
649 671 730 687 veneratio
736 671 839 691 exhibeatur3
844 671 874 687 tibi
882 672 898 687 in
905 672 992 688 sanctitate
1000 677 1059 690 tuln-1⁴.

613 699 629 712 et
635 696 698 716 justitia
705 696 757 712 omnis
765 696 813 712 homo
824 701 861 712 cum
872 696 933 716 ingenti
944 701 992 712 reve·
1000 693 1018 704 ⁷⁵'

613 721 664 736 rentia
674 720 777 741 obsequatur,
785 721 842 736 Amen.

713 773 757 788 Laus
765 773 796 788 Dei
803 772 888 791 utjuslus.

631 819 686 835 Jus'rus
693 823 716 837 es,
725 819 767 834 Deus
774 819 881 839 omnipotens,
886 821 902 834 et
909 819 992 835 universis

612 844 654 864 quod
664 844 726 864 justum
738 846 762 859 est
772 843 846 859 reddens.

632 868 649 884 ln
667 868 711 884 omni
726 872 774 889 opere
789 870 817 884 tuo
831 868 893 888 justitia
907 870 923 884 et
937 868 992 889 pietas

612 893 730 912 admiseentur3
743 893 814 913 dumque
829 893 893 913 injustis
908 893 991 909 misereris

612 922 630 933 ne
644 917 726 936 subvenis,
741 922 761 933 ex
775 919 821 938 parte
835 919 862 933 tua
876 917 938 938 justum
953 922 991 934 esse

612 944 692 958 eensetur.

632 967 681 982 Tanto
689 966 749 987 quippe
756 968 780 982 est
789 966 851 982 bonitas
859 969 891 985 tua,
900 967 954 982 Deitas
962 967 992 983 be-

612 991 679 1010 nedicta,
688 993 705 1006 ut
711 991 773 1011 justum
781 991 802 1007 sit
809 996 845 1007 eun
853 991 916 1007 miseris
924 996 991 1012 quoque

611 1018 627 1032 et
638 1015 708 1036 indignis
719 1015 789 1031 influere
799 1015 854 1036 gratim
865 1016 911 1031 dona.

592 1040 604 1056 1>
630 1041 684 1056 Justus
695 1045 718 1058 es,
726 1040 767 1056 Deus
778 1040 862 1058 altissime,
870 1040 890 1056 ad
900 1042 916 1056 te
928 1040 989 1061 ipsum,

611 1065 649 1085 quia
661 1065 703 1085 quod
716 1064 744 1080 tibi
757 1064 830 1083 debetur,
841 1064 910 1085 requiris
922 1064 942 1080 ab
952 1065 990 1081 uni-

611 1089 686 1105 versitate
696 1089 789 1109 angelorum
800 1094 819 1105 as
830 1089 920 1108 hominum,
928 1091 945 1105 ut
957 1090 989 1106 sci-

612 1114 649 1129 licet
668 1116 714 1129 tuum
733 1114 749 1129 in
768 1113 844 1129 omnihus
862 1116 926 1130 servent
945 1119 989 1134 prae-

611 1140 681 1159 ceptum.

631 1163 703 1184 Denique
710 1163 777 1183 gloriam
785 1165 829 1179 tuam
837 1167 869 1179 uon
876 1163 934 1179 tribuis
943 1163 987 1182 aliis,
996 1169 1056 1182 ιιι-,ι

611 1192 640 1203 nee
656 1187 719 1203 laudem
734 1189 778 1203 tusm
793 1187 909 1206 communicas,
922 1192 988 1203 summe

611 1213 658 1230 Deus,
666 1211 774 1232 sculptilibus⁴

630 1237 660 1253 Sed
668 1237 698 1252 tihi
707 1236 736 1257 ipsi
744 1238 760 1252 et
767 1236 833 1257 gloriam
840 1238 856 1252 et
864 1236 940 1252 honorem
947 1236 989 1252 fina-

610 1262 646 1277 liter
657 1261 681 1277 vis
692 1261 769 1281 impendi,
777 1261 840 1281 tibique
851 1261 881 1277 soli
893 1261 942 1277 latriae
953 1261 988 1277 eul-

609 1288 644 1302 tum
655 1285 729 1306 praeeipis
740 1285 818 1301 exhiberi.
1003 1300 1020 1311 P·
1029 1304 1059 1312 anu

630 1310 695 1331 Spernis
708 1310 773 1331 insuper
785 1314 841 1326 omnes
853 1315 863 1326 a
874 1310 906 1326 tuis
917 1310 987 1330 justitiis
996 1308 1025 1328 inf
