1083 1563
141 1031 159 1045 cs>
163 1032 171 1042 1.
176 1031 203 1044 11111,

137 1051 147 1061 ρ.
154 1047 184 1058 uon
192 1048 204 1058 ω

136 1066 146 1074 ι,

207 119 228 136 60

392 126 412 137 nn
422 125 484 137 mmm
496 125 555 137 mmm]
566 125 584 136 tr
594 125 630 137 vm
640 125 671 137 nt}-
682 130 702 133 —
713 125 747 137 11117.
758 125 800 137 xxxv

208 167 237 186 rei,
245 167 368 189 circumscripto
374 168 418 184 omui
427 168 508 184 intellectu
517 170 570 184 creato
578 172 581 183 :
590 167 602 183 Α
610 167 721 189 unusquisque
740 170 816 184 extremm
835 167 914 189 impietati
935 167 986 188 magis

208 192 230 208 ita
241 193 284 213 quod
297 193 338 209 inter
349 193 425 209 attributa
437 193 491 209 divina
506 193 526 208 sit
541 198 583 214 qum-

208 217 245 232 dam
254 221 285 233 non
294 217 368 233 identitas
378 222 397 233 ex
408 219 464 233 natura
471 217 500 235 rei,
508 222 544 238 quae
551 217 583 232 dici

208 243 261 262 potest
274 242 355 258 distinctio
369 242 442 258 formalis
456 242 490 257 sive
505 241 583 261 modalis3

208 268 264 287 estque
277 266 380 287 intelligenda
392 271 424 282 non
440 271 469 287 per
481 267 583 287 positionem,

208 291 235 306 sed
248 295 277 311 per
288 291 415 311 abnegationem,
428 293 475 312 prout
485 291 515 307 hoc
526 291 584 307 forma-

208 315 244 331 liter
256 320 288 331 non
300 317 324 331 est
338 315 373 331 hot:⁴
388 316 431 332 Unde
446 316 534 331 secuudum
550 320 583 333 eos,

207 340 261 360 aptius
275 342 299 356 est
314 340 336 356 uti
352 340 382 356 hac
396 340 475 361 negativa,
489 344 520 356 non
535 340 583 358 idem,

207 369 256 385 quam
267 364 366 380 distinctum.

228 389 263 405 Haec
274 389 330 410 opinio
340 389 403 405 veritati
415 390 527 405 demonstratae
537 394 583 410 repu-

208 415 250 434 gnat.
264 413 349 429 Ostensum
361 416 386 430 est
398 414 442 430 enim
455 414 497 434 quod
509 414 551 429 Deus
563 414 584 429 sit

208 438 330 459 simplicissime
344 438 402 457 unitas,
416 440 432 454 et
446 438 543 457 unitissimo,
558 438 583 454 vel

208 462 262 483 potius
272 463 297 483 (ut
306 463 329 478 sic
341 463 403 484 loquar)
410 463 488 479 unissima
499 464 547 483 atque
556 467 584 483 pu·
592 463 603 478 Β
611 467 662 483 quens

208 487 273 503 tissima
280 487 380 508 simplicitas.
390 487 417 503 Est
426 492 464 508 ergo
472 487 488 503 in
496 487 528 503 Deo
535 492 584 508 quan-

208 514 243 527 tum
258 512 277 528 ad
293 512 398 533 perfectiones
413 512 518 530 attributales,
533 512 584 528 omni-

209 536 261 555 moda,
278 541 342 552 summa
358 539 374 553 et
392 541 432 557 pura
448 539 496 557 atque
514 537 585 558 perfecta

209 561 288 577 identitas.
300 561 333 577 Nou
345 563 369 577 est
377 561 426 581 igitur
433 561 449 577 in
458 562 490 577 Deo
499 566 518 577 ex
528 563 584 577 natura

209 585 231 601 rei
239 587 317 606 quantum
325 586 433 604 ad‘attributa,
438 585 491 606 aliqua
499 590 531 601 non
539 586 584 601 ideu—

208 609 244 625 titas
252 614 281 625 seu
289 609 360 625 formalis
367 609 454 625 distinctio⁴
464 610 541 630 Denique,
548 609 584 630 jux-

209 636 224 650 te
231 634 351 654 Philosophum,
360 639 411 650 unum
422 634 437 650 in
448 634 537 650 substantia
546 634 585 650 facit

209 658 262 678 idem3
271 658 287 674 in
298 658 392 679 quantitate,
400 659 469 679 mquaie3
478 659 493 674 in
502 658 583 679 qualitate,

209 683 266 699 simile.
278 683 307 699 Ubi
319 687 356 703 ergo
366 685 390 699 est
402 688 441 704 pura
452 683 509 701 unitas,
520 685 544 699 est
556 688 584 704 pu-

208 712 226 723 ra
238 707 318 725 identitas,
329 709 345 723 et
357 707 401 723 nulla
414 707 486 723 formalis
496 708 583 723 distinctio.

209 732 260 750 Quum
269 736 307 752 ergo
315 732 356 748 Deus
365 732 428 748 dicetur
438 732 584 752 incomparabiliter

610 193 712 213 propinquat,
725 194 784 213 quanto
796 198 805 208 a
817 198 855 209 vera
868 193 895 209 Dei
907 192 986 213 simpliei-

610 219 647 235 me,
659 217 720 233 unit-ate
732 219 748 233 et
760 217 842 233 identitate
855 217 905 238 magis
920 216 985 233 recedit.

610 241 654 257 Dicta
662 243 715 257 autem
723 242 778 263 opinio
785 242 847 260 asserit,
853 242 895 263 qued
903 241 986 257 attributav

611 266 633 282 les
644 266 750 287 perfectiones
761 267 776 282 in
784 267 822 285 Deo,
830 267 891 282 scilicet
901 266 986 287 sapientia,

611 291 667 311 pietas,
681 291 796 309 misericordia,
810 291 883 312 aequitas,
898 291 986 309 beatitudo,

611 315 688 336 potentia,
703 317 740 333 ete..
756 315 844 331 formaliter
859 315 986 336 distinguuntur,

610 344 638 355 seu
649 344 668 355 ex
676 341 733 355 natura
741 340 763 356 rei
771 342 809 356 511111
817 345 848 356 non
857 340 905 358 idem,
914 340 935 355 iu
943 340 986 360 quod

610 364 654 380 omni
667 366 703 380 ectu
716 366 773 380 creatae
784 365 842 380 mentis
855 364 923 383 secluso,
935 369 986 380 111111111

611 388 699 404 formaliter
710 393 742 404 non
753 389 774 404 sit
784 389 833 404 aliud.
846 389 889 404 Istud
901 389 987 404 oontraria-

610 415 637 429 tur
648 413 742 433 Augustino,
755 413 783 434 qui
797 413 899 434 apertissime
914 413 930 429 in
945 413 987 428 libro

610 438 630 453 de
644 438 727 456 Trinitate,
742 438 762 453 de
776 438 831 454 diviua
845 438 949 458 simplicitate
965 437 987 453 lo-

677 466 681 478 :
694 463 742 481 Deus,
757 463 815 483 inquit,
830 463 860 478 etsi
876 462 988 483 multiplieiter·

611 487 679 505 dicatur,
692 491 729 502 vere
741 489 794 503 tamen
810 489 826 503 et
840 492 903 503 summe
918 487 988 507 simplex

612 513 640 527 est.
650 511 711 527 Dicitur
718 511 762 527 enim
770 516 843 532 magnus,
851 511 909 530 bonus,
917 511 987 532 sapiens,

612 535 672 554 beatus,
684 541 737 553 verus,
749 538 765 552 et
778 536 857 557 quidquid
867 536 911 552 aliud
923 540 954 552 nou
965 536 989 551 111-

612 560 660 581 digne
667 560 699 576 dici
709 560 782 580 videtui-3
791 561 818 576 sed
828 561 884 576 eadem
895 560 990 581 magnitudo

612 585 647 605 ejus
657 587 682 600 est
691 590 727 605 qum
737 585 821 606 sapientia,
831 587 847 601 et
858 585 989 601 eadernbonitas

612 614 648 630 quoe
655 609 733 630 sapientia
741 611 757 625 et
767 610 866 630 magnitudo,
874 611 890 625 et
897 609 953 625 eadem
962 614 988 625 ve-

613 634 650 650 ritas
663 638 699 654 qum
711 634 739 650 ille
750 634 809 650 omnia.
823 634 909 650 Undecimo
923 638 989 654 quoque

612 658 632 674 de
643 658 710 674 Civitate
722 658 749 674 Dei
761 663 764 674 z
775 658 818 677 Ideo,
828 659 855 677 ait,
866 659 907 674 Deus
918 658 988 679 simplex

613 685 684 701 vocatur,
693 683 730 703 quia
737 683 767 699 hoc
774 685 799 699 est
806 683 848 704 quod
856 683 913 703 habet3
921 685 989 704 excepto

613 708 655 728 quod
665 707 731 723 relative
742 712 773 724 una
783 712 850 728 persona
860 707 879 723 ad
888 707 954 723 alteram
965 707 989 723 di>

613 732 660 750 citur,
673 736 703 747 nec
715 734 740 747 est
752 732 791 753 ipsa.
805 732 861 748 Omnia
872 736 910 752 ergo
922 737 958 752 quae
972 732 989 747 in

209 756 296 777 purissima
303 756 356 772 unitas
363 761 381 772 ac
389 757 437 777 plena
445 757 545 777 simplicitas,
553 761 584 772 non
593 756 604 773 C
613 756 645 772 Deo
657 758 701 775 sunt,
714 756 780 772 omnino
795 761 846 772 unurn
861 758 877 772 et
891 757 933 772 idern
945 758 989 774 sunt,

209 783 233 797 est
243 781 259 797 111
267 785 286 797 eo
293 786 313 797 ex
321 783 377 797 natura
385 781 407 797 rei
416 781 452 797 talis
460 782 546 797 distinctio.
555 782 585 797 15111

209 810 273 827 quoque
284 806 338 827 opinio
347 806 407 822 directe
417 808 494 826 repugnat
504 806 585 825 Auselrno,

209 830 237 851 qui
252 830 268 846 111
281 830 372 851 Proslogion
385 831 404 846 ad
417 831 467 846 Deum
482 830 585 846 devotissime

209 857 257 875 atque
268 855 352 871 verissime
364 855 431 875 loquens
444 859 448 871 :
458 855 508 871 Nulla:
519 855 586 876 (inquit)

209 881 262 901 partes
273 881 311 895 sunt
322 880 338 895 in
349 882 370 898 te,
379 880 456 899 Domine3
465 884 494 896 nec
505 884 522 896 es
533 880 585 901 plura,

209 904 237 920 sed
247 904 270 920 sie
281 909 331 919 unum
342 904 418 924 quiddam
429 906 444 920 et
455 904 496 920 idem
507 904 536 920 tibi
549 904 585 925 ipsi,

210 930 227 944 ut
238 928 254 944 111
267 928 312 944 nullo
324 928 346 944 sis
358 928 387 944 tibi
400 929 430 949 ipsi
443 929 526 944 dissimilis
538 933 541 944 :
554 929 586 944 imo

210 955 226 969 tu
239 958 256 969 es
268 953 303 974 ipsa
314 953 367 969 unitas
380 953 424 969 nullo
437 953 519 969 intellnetu
532 953 586 969 divisi-

210 977 252 993 bilis.
261 977 318 993 Nescio
329 977 368 998 quid
378 977 442 998 planius
451 978 483 993 dici
495 979 547 998 queat.
556 977 586 993 Sed

210 1006 242 1018 non
254 1004 278 1017 est
291 1002 368 1022 propositi
383 1002 399 1017 in
412 1002 442 1018 hor.-
454 1006 502 1023 opere
514 1002 540 1018 isti
554 1007 586 1018 ma-

210 1027 254 1043 terim
264 1026 346 1042 immorari
358 1031 362 1042 ε
373 1026 421 1042 habet
431 1026 473 1042 enim
483 1026 522 1042 alibi
532 1027 585 1043 locum

613 781 640 797 ubi
656 785 688 797 non
703 781 758 797 obviat
769 781 850 802 oppositio
861 781 932 797 relativa.
945 781 990 800 Quod

614 806 630 821 in
643 805 684 821 libro
696 806 716 821 de
728 806 805 821 Trinitate
817 805 880 821 Boetius
892 810 957 826 quoque
967 805 990 821 Ia-

614 832 661 846 tetur.
674 830 726 848 01111111
738 834 776 850 orgo
788 830 864 846 attributa
876 830 892 846 111
905 830 937 846 Deo
951 830 991 846 rela-

614 855 662 871 tivam
674 855 792 875 oppositionem
802 859 834 870 non
846 854 920 873 habeant,
928 857 991 871 eonstat

613 880 656 900 quod
670 884 690 895 ex
705 881 761 895 natura
776 879 798 895 rei
813 879 846 895 sint
860 879 924 900 penitus
938 884 990 895 unum

614 906 631 920 et
640 904 688 920 idem.

634 928 713 949 Amplius,
723 928 812 944 seeundum
825 933 889 944 omnem
899 928 989 944 doctrinam

614 953 690 974 Dionysii,
697 953 738 968 Deus
746 953 782 968 ideo
789 953 857 973 simplex
865 955 945 971 censetur,
950 957 989 974 quo-

613 978 657 994 niam
665 982 700 994 esse
708 978 788 996 divinum,
796 978 869 994 omnium
880 980 989 994 creaturarum

614 1002 720 1023 perfectiones
728 1002 744 1018 in
752 1007 769 1018 se
778 1002 813 1023 ipso
823 1007 860 1018 oum
871 1002 950 1018 immensa
958 1003 992 1023 ple*

613 1027 687 1043 nitudine
699 1029 715 1043 et
723 1027 787 1043 infinite
795 1027 894 1048 perfectione
900 1029 948 1048 atque
957 1032 992 1048 per-

210 1051 363 1067 convenientiorem.
376 1060 396 1062 —
409 1051 494 1069 Postremo,
509 1052 585 1072 quoniam
594 1052 606 1067 D
614 1052 701 1068 lectissima
713 1056 731 1067 ac
743 1052 874 1072 superessentiali
886 1052 990 1073 simplicitate

210 1075 285 1092 Albertus
296 1078 312 1091 et
323 1076 391 1091 Thomas
402 1075 418 1091 in
431 1076 466 1091 istis
477 1076 585 1094 consentiunt,

211 1100 303 1121 ideo,'quod
311 1100 379 1116 Thomas
387 1100 432 1121 pouit
440 1100 456 1116 111
464 1100 523 1116 divinis
530 1101 586 1116 distin-

210 1125 280 1141 ctionem
293 1125 358 1140 rationis
370 1125 392 1140 rei
403 1125 508 1143 rationabilis,
517 1130 548 1141 non
559 1130 586 1141 au-

210 1151 243 1165 tem
254 1149 333 1167 Albertus,
344 1149 372 1165 sed
382 1149 434 1165 solum
444 1150 489 1170 ponit
499 1150 521 1165 ibi
531 1150 586 1165 distin-

210 1174 280 1190 ctionem
298 1174 363 1189 rutionis
381 1174 496 1192 ratiocinantis,
513 1179 545 1190 non
562 1176 587 1190 est

210 1198 279 1214 difficile
291 1199 399 1214 concordare:
411 1199 427 1214 in
439 1199 532 1214 nominibus
543 1199 586 1215 enirn

211 1224 294 1239 dumtaxat
301 1223 404 1242 dissentiunt,
413 1223 440 1239 sed
448 1224 465 1239 in
476 1223 510 1244 ipsa
520 1224 587 1240 veritate

211 1248 313 1264 concordent.

231 1273 283 1291 Quum
295 1274 348 1288 eutem
361 1272 468 1288 Damascenus
481 1272 533 1293 primo
547 1272 588 1288 libro

211 1299 284 1316 testetur,
292 1297 335 1318 quod
343 1297 392 1313 neum
403 1301 438 1313 esse
448 1297 555 1317 compositum
565 1297 588 1313 af-

211 1322 283 1340 firmare,
298 1323 373 1337 extremm
391 1321 478 1342 impietatis
495 1323 530 1341 est,
545 1324 589 1338 tanto

613 1076 731 1097 complectitur.
750 1076 787 1092 ideo
803 1076 850 1092 valde
868 1077 941 1097 opposita
958 1077 991 1093 Deo

613 1101 717 1119 conveniunt,
725 1101 814 1116 secundum
824 1101 896 1117 diversas
907 1101 991 1122 perfectio-

614 1130 642 1141 nes
654 1130 694 1146 quas
707 1130 735 1141 sua
747 1125 816 1141 essentia
827 1126 844 1141 in
856 1131 874 1142 se
885 1126 990 1146 comprehem

614 1150 642 1166 dit.
655 1150 695 1168 Quid
708 1154 746 1170 ergo
758 1154 799 1171 opus
811 1152 835 1166 est
849 1152 877 1166 aut
888 1150 953 1171 expedit
960 1151 991 1166 dis-

614 1175 708 1190 tinctionem
724 1174 807 1190 formalem
822 1175 901 1191 somniare
916 1175 932 1191 in
947 1175 991 1191 Deo?

614 1199 713 1220 Augustinus
727 1199 792 1215 demum
805 1199 862 1220 quinto
876 1199 896 1215 de
908 1199 991 1217 Trinitate.

614 1224 641 1240 Dei
650 1223 770 1244 simplicitatem
779 1223 861 1239 declarans
870 1228 873 1239 :
882 1224 992 1245 intelligamus

614 1248 650 1269 (ait)
658 1249 714 1266 Deum,
722 1250 800 1269 quantum
812 1253 903 1269 possumus,
912 1249 946 1264 sine
954 1254 992 1269 qua-

615 1273 659 1289 litate
673 1272 739 1291 bonum,
754 1273 789 1288 sine
804 1273 893 1293 quantitate
909 1278 991 1293 magnum,

615 1297 650 1313 sine
662 1297 750 1318 indigentia
761 1299 854 1316 creatorem,
863 1297 898 1313 sine
909 1297 940 1313 situ
952 1302 991 1318 111111-

616 1322 701 1340 sidentem,
709 1322 744 1338 sine
752 1322 808 1338 habitu
815 1322 869 1338 omnia
876 1322 991 1341 continentem,
