1083 1563
213 118 244 134 ³2AE

386 122 406 134 ΠΕ
417 121 526 134 nummularia
537 122 556 133 m·
566 121 651 133 ΙΕΝΙΠΕΠΒ
661 121 692 133 illmA
700 126 721 129 —
728 121 762 133 ΑΜ,
770 121 820 133 mill

133 167 207 181 flam-ma.
214 164 290 181 scrutaris
300 166 316 180 et
327 165 385 184 corda;
396 169 448 185 neque
461 163 547 180 invisibilis
559 163 589 179 tibi
596 164 609 179 Α
616 164 675 184 paratis
684 163 764 179 mentibus
772 166 828 185 parent
837 166 885 185 atque
893 163 991 182 ministrant,

134 535 205 562 :namn-1,

135 1323 199 1337 nauium

214 191 237 205 est
249 189 301 205 onmis
314 191 390 205 creatura.
399 189 449 210 igitur
461 188 488 209 qui
502 190 563 209 peccat,
573 190 589 204 te

213 216 301 235 spectante,
309 218 365 234 parere
373 213 403 229 tibi
411 213 484 234 despicit,
492 213 564 233 illucque
571 217 589 229 se

213 238 291 254 convertit
307 242 340 259 quo
354 243 391 254 eum
406 238 477 254 converti
493 237 569 258 prohibes
584 241 588 252 :

212 267 279 283 peceare
291 262 352 283 quippe
366 267 398 278 uon
413 262 457 278 aliud
472 262 544 282 (opinor)
558 263 588 280 est,

213 291 260 307 quam
276 286 334 302 mentis
346 291 355 302 a
366 289 382 302 te
394 290 432 302 vero
447 286 532 306 stabilique
546 285 588 301 bono

212 311 279 327 aversio.
290 311 396 327 Vehementer
408 311 456 331 igitur
467 313 488 329 te,
500 310 527 331 qui
538 312 589 326 trans-

211 336 289 356 greditur,
297 336 382 352 inhonorat
393 340 397 351 ι
408 335 496 356 prassertim
507 337 567 353 autem,
574 335 589 351 si

211 362 227 376 te
239 362 297 376 cuncta
307 365 372 376 cernere
384 362 445 376 noscat.
455 360 511 380 Magna
523 364 588 380 prorsus

212 387 255 401 reete
262 385 338 406 justeque
345 385 410 401 vivendi
418 384 505 401 necessitas
515 384 562 400 nobis
572 384 587 400 id

211 410 280 428 exsistit,
288 410 331 430 quod
341 410 357 425 in
369 411 426 425 cuncta
437 409 517 425 cernentis
527 409 588 425 Judicis

212 436 298 455 prospectu
318 434 393 450 universa
412 434 474 454 agimus
492 438 587 454 semperque

616 190 632 204 et
644 188 682 204 item
695 188 748 204 decies
763 190 830 204 centena
844 188 896 204 millia
909 192 991 209 supereoe-

616 213 681 229 lestium
690 213 787 232 animorum,
795 213 848 229 omnis
858 217 923 234 quoque
933 212 992 228 militia

615 238 783 258 supermundanorum
790 237 851 253 civium
859 239 891 253 tam
899 239 992 253 reverenter

615 262 700 280 adsistunt,
713 262 736 278 sie
751 262 825 278 alacriter
838 262 914 282 jubilant,
926 263 991 282 tamque

616 287 725 302 indesinenter
733 287 793 302 intenta
800 288 838 302 sunt
843 286 888 302 :binc
895 286 919 302 eis
926 290 992 307 semper

616 311 675 332 quibus
686 311 729 327 vales
740 311 802 327 viribus
811 311 878 329 enitere,
889 313 906 326 ut
915 310 936 327 ob
946 315 991 326 reve-

616 336 684 353 rentiam
700 335 837 356 dilectionemque
851 335 887 356 ejus
901 335 991 356 pmwntiae

616 365 661 376 meus
676 365 730 376 coram
743 365 762 376 eo
773 360 822 380 digne
833 360 932 381 honesteque
943 364 991 375 occu-

615 387 651 406 pata
659 385 704 404 sit,et
712 386 729 401 ut
736 389 764 401 cor
771 385 788 401 in
795 389 833 401 eum
840 389 936 401 conversum
943 384 965 400 sit
971 389 990 400 ac

614 409 677 428 stabile,
686 412 702 425 et
708 409 744 430 ejus
751 410 851 425 sanctitatem
859 414 923 430 semper
930 411 946 425 ot
955 409 992 425 ubi-

614 439 646 454 que
657 434 730 450 honores.
739 434 832 450 Maledictus
842 438 901 454 nempe
910 434 938 454 qui
948 438 991 454 opus
1002 438 1065 451 len-m..

211 458 320 475 subsistimus.
333 459 407 479 Ideoque,
419 463 428 474 o
439 458 498 476 mima,
509 458 522 474 si
533 458 587 474 omnia
594 457 606 473 B
615 458 643 474 Dei
661 458 760 479 negligenter
775 458 832 474 efficit.
849 458 926 474 Alacriter
941 458 992 478 igitur
998 455 1016 465 ¹⁰·

211 483 231 499 ab
242 483 274 499 :lto
285 485 384 504 spectantem
398 483 448 499 Deum
460 487 497 499 vere
510 483 587 498 bonorare

212 510 275 526 oestuas,
284 508 356 524 divinum
368 507 414 523 illum
425 512 454 528 pro
464 507 525 523 viribus
536 507 587 523 Eliam

212 537 302 553 assequere,
312 532 371 552 dicque
382 537 419 548 cum
431 532 458 547 illo
470 536 474 547 2
483 531 527 547 Vivit
536 531 588 547 Domi-

211 562 246 576 nus,
254 557 271 572 in
279 556 325 577 cujus
335 558 422 577 conspectu
433 558 458 572 sto
468 556 520 572 bodie.
529 556 588 572 Pudeat

211 586 231 597 eo
238 583 313 597 cernente
323 585 369 601 agere
380 581 422 602 quod
433 585 485 596 coram
493 580 587 597 bominibus

211 610 242 622 non
254 606 320 622 laceres.

230 630 286 647 Adbuc
302 632 362 648 autem,
377 634 428 651 quum
445 632 511 645 eatenus
529 634 587 645 uuum-

209 655 285 675 quodque
294 654 364 670 amabile
372 654 394 670 sit
405 654 477 675 itemque
486 654 585 672 honorabile,

209 681 288 700 quantum
296 679 315 695 de
323 679 394 695 bonitate
401 679 476 695 sortitum
485 678 541 698 fuerit;
550 683 586 694 con-

209 706 240 719 stat
244 704 310 724 (fateor)
315 703 358 719 bunc
365 703 493 724 singularissimo
501 703 586 719 colondum

209 728 269 744 bonore
287 728 383 749 principem,
398 728 426 749 qui
443 728 496 744 omnis
510 727 586 744 bonitatis

210 752 246 768 iens
258 754 288 771 est,
300 754 317 768 et
329 752 408 768 universas
420 752 508 768 nobilitatis
520 752 604 769 fontan-c
627 757 630 759 ·

210 777 256 796 ratio,
269 777 297 798 qui
312 777 360 793 etiam
375 777 418 793 solus
433 781 470 793 vere
484 776 586 798 periecteque

210 802 262 818 bonus
272 802 339 818 exsistit.

231 826 308 847 Denique,
316 826 339 842 nil
346 826 421 845 amabile,
429 826 489 842 nullius
496 826 586 847 appetenda

210 851 283 870 scientia,
299 851 322 866 nil
336 855 401 871 prorsus
416 851 510 871 optandum,
522 850 554 866 uisi
569 851 586 866 in

210 876 266 892 ordine
274 876 293 891 ad
303 875 354 891 illum.
364 875 391 891 Est
402 875 446 891 enim
457 875 500 891 idem
511 875 550 891 ordo
561 880 586 891 ea-

209 901 279 921 demque
291 900 368 916 babiiudo
382 905 436 915 rerum
449 902 465 916 et
476 900 585 918 scientiarum,

210 925 289 941 bonorum
299 929 363 945 quoque
370 926 385 940 et
393 924 493 940 amabilium.
501 924 546 940 Unde
557 925 586 940 uti-

209 954 241 971 que
249 954 303 965 rerum
311 949 408 965 naturalium
416 951 432 965 et
439 951 528 965 creatarum
536 949 586 965 seien-

209 975 232 990 tia
243 974 333 995 appetenda
345 974 476 994 exquirendaque
488 975 518 992 est,
529 974 557 989 sed
570 974 586 989 in

210 998 266 1015 ordine
281 998 300 1014 ad
315 998 386 1013 divinam
400 998 489 1017 tbeoriem3
502 999 518 1013 et
529 998 557 1018 qui
570 998 585 1013 id

211 1022 291 1044 reprobat,
302 1022 404 1038 sensibilium
416 1022 464 1038 etiam
477 1027 523 1038 usum
533 1022 586 1038 redar-

614 483 720 503 ardenterque
727 484 744 498 et
750 487 787 498 cum
795 482 839 499 omui
850 483 908 498 mentia
918 482 992 498 custodia

615 507 646 528 ipsi
653 507 728 523 famulari
738 509 786 528 atque
797 507 874 523 adsistere
885 512 914 528 par
923 509 953 523 eat.
962 507 992 523 De-

615 531 663 552 nique
671 532 690 547 ad
698 536 735 548 eum
743 536 808 552 semper
815 532 904 548 reducenda
911 536 930 547 ec
937 536 992 547 eoram

615 556 650 577 ipso
660 556 761 572 discutienda
772 558 796 572 est
806 561 852 572 mens
863 556 962 577 vagabunda.

694 635 817 661 ARTIGLJLUS
828 636 908 652 xxxm.

672 675 696 690 De
706 675 826 694 ylorifleah'one
837 679 929 694 corporum.

643 728 703 743 ALVA
709 728 795 744 TOBEM
807 726 918 747 exspectamus
931 729 990 744 lesum
997 733 1066 760 fumfln*

651 753 740 770 Christum,
748 753 778 772 qm*
785 753 882 772 reformabit
891 757 950 772 corpus
959 753 991 768 Ιιιι-

613 777 691 792 mv'litatir
707 779 767 792 nostrat
782 778 903 797 confiquratum
922 778 991 797 corpori

612 802 696 817 clar-'tacis
707 807 746 817 suoe.
759 802 799 817 Dum
812 802 919 818 bumanorum
934 807 992 823 corpo-

613 831 649 842 rum
657 826 727 842 vilitates
737 827 842 847 miseriasque
852 831 891 847 quas
902 831 922 843 ex
932 829 993 843 natura

613 851 671 871 adepta
678 853 715 866 suni
723 851 828 872 contemplor.
836 851 881 867 dotes
892 856 957 872 quoque
965 852 992 867 in>

613 880 662 896 super
671 877 688 891 et
699 875 766 896 gloriam
778 880 818 896 quas
829 876 894 891 demum
907 881 927 892 ex
939 877 993 896 gratia

613 900 689 916 sortitura
696 901 734 916 sunt
741 900 816 920 revolvo;
825 900 841 916 in
849 900 955 916 admiratione
962 901 993 916 be-

613 924 710 940 netieiorurn
724 926 789 940 tuorum
801 926 817 940 et
829 924 845 940 in
857 924 993 945 supereffluentis

613 951 644 965 tuae
655 948 771 965 munificentius
782 949 908 965 consideratione
918 949 992 968 tabesco,

613 973 711 994 omninoque
723 973 787 992 deficio,
798 978 808 989 ο
820 974 931 994 superexcelso
943 974 993 990 Crea-

613 1000 643 1016 tor,
654 997 745 1019 superbone
754 1000 770 1014 et
780 998 860 1014 adorande
872 998 943 1014 Domine.
953 999 991 1015 lam

613 1023 673 1043 quippe
681 1022 764 1043 passibilia
771 1024 809 1038 sunt
816 1025 832 1038 et
841 1023 900 1043 gravia,
908 1027 963 1044 grossa
972 1026 992 1040 et

210 1052 259 1068 guero
272 1049 324 1068 potest
335 1051 339 1062 t
351 1047 379 1067 qui
392 1049 445 1062 tamen
457 1047 512 1067 utique
526 1047 586 1062 nedum
594 1047 606 1063 D
613 1047 692 1066 obscura3
699 1047 727 1062 sed
735 1047 790 1063 electis
797 1047 850 1063 denuo
859 1047 943 1063 animabus
953 1048 992 1063 uui-

211 1072 265 1088 licitus
277 1074 306 1090 est,
317 1072 344 1087 sed
356 1073 372 1087 et
383 1072 489 1090 necessarius,
500 1073 548 1092 prout
557 1076 587 1092 per

210 1101 248 1113 eum
258 1096 278 1112 ad
289 1096 379 1117 spiritualia
388 1096 471 1116 juvamur.

230 1121 283 1139 Porro,
292 1125 341 1141 quum
349 1121 392 1136 Deus
399 1122 443 1139 tuus,
451 1125 460 1136 o
471 1121 530 1139 anima,
538 1121 586 1141 cujus

210 1148 226 1162 te
237 1150 302 1166 semper
314 1145 368 1160 vultus
380 1145 460 1165 conspicit
471 1147 519 1166 atque
534 1145 585 1161 consi-

210 1171 259 1189 derat,
267 1170 348 1186 immensa
355 1169 444 1185 sanctitatis
452 1169 478 1189 sit,
486 1170 586 1191 infinitaque

211 1195 287 1211 bonilatis
301 1196 317 1210 et
329 1194 416 1215 majestatis
431 1194 585 1215 incircumscriptm;

210 1220 257 1240 cujus
271 1219 346 1235 nobilitas
363 1219 495 1239 praestantissima
508 1221 542 1239 est;
557 1219 585 1240 qui

210 1244 312 1265 iniquitatem
319 1245 351 1259 tam
360 1243 504 1264 inexcogitabiliter
511 1244 585 1265 odit3qui

210 1271 233 1286 tot
242 1273 307 1290 quoque
317 1268 363 1287 bona,
374 1270 392 1284 ut
402 1268 500 1284 dinumerari
513 1273 585 1289 compre<

209 1294 291 1315 hendique
308 1295 394 1314 nequeant,
411 1293 487 1314 elargitus
505 1295 539 1314 est3
558 1294 585 1309 cui

210 1319 261 1335 millia
268 1318 338 1334 millium
345 1320 436 1334 sanctorum
448 1318 540 1339 augelorum
551 1320 584 1334 tam

613 1071 734 1090 ta,immortalia
741 1073 788 1087 erunt
795 1073 811 1087 et
818 1071 916 1092 ngilia,clara
923 1076 992 1093 quoque

613 1098 660 1117 atque
668 1095 776 1112 subtilia.Non
784 1096 807 1112 sic
815 1096 832 1112 in
839 1096 898 1112 virtute
905 1096 928 1112 sol
935 1096 994 1117 splen-

613 1121 645 1139 det,
654 1120 789 1141 quemadmodum
797 1122 836 1136 tunc
843 1120 927 1137 Beatorum
935 1121 993 1142 splen—

613 1145 673 1161 debunt
688 1147 770 1165 resumpta
785 1149 856 1166 corpora.
873 1145 949 1166 Denique,
965 1146 994 1162 uti

613 1170 670 1186 auimae
685 1169 782 1185 saturabitur
796 1170 883 1190 appetitus,
895 1170 919 1186 sic
930 1175 994 1191 eorpus

613 1194 654 1215 agile
668 1194 704 1213 erit,
717 1196 735 1210 ut
748 1194 806 1210 animm
821 1197 886 1215 repente
900 1197 960 1216 pareat,
973 1198 995 1212 et

613 1219 677 1237 subtile,
685 1223 718 1239 quo
727 1221 785 1235 cuncta
795 1221 873 1240 penetret,
881 1221 897 1235 et
904 1219 993 1237 celerrime

613 1248 644 1264 quo
655 1244 733 1264 placuerit
743 1243 809 1259 seratur.

632 1269 751 1287 Verumtamen,
764 1270 782 1284 ut
793 1268 848 1284 omnia
859 1269 914 1285 electis
927 1269 942 1285 in
954 1269 992 1290 glo-

613 1293 652 1309 riam
664 1293 813 1313 beatitudinemque
825 1293 925 1314 proveniant,
937 1296 990 1315 atque

612 1318 629 1334 in
636 1317 741 1334 sensibilibus
748 1322 757 1333 a
764 1317 840 1334 felicibus
846 1318 939 1334 bominibus
949 1319 990 1336 visi-
