1083 1563
208 117 238 134 ¹88

278 122 390 134 cnmrumuu
402 122 417 133 {x
428 122 485 134 onom:
495 122 516 133 ΑΙ)
527 121 568 133 naun
579 121 690 134 committunt)
700 122 799 134 mmmmm.
808 127 828 130 -—
835 122 871 134 ΛΒΤ.
879 122 904 134 nix

207 170 243 186 pars
254 165 317 181 humidi
328 167 390 181 maneat
400 165 433 181 rin
443 166 459 180 et
469 165 582 185 inconsumpta
589 164 602 181 Α
609 167 654 181 orant
662 164 677 181 in
686 165 740 181 Adam.
749 165 822 181 Christus
829 170 872 184 vero,
881 165 919 186 quia
925 170 985 186 eorpus

207 195 255 210 quam
266 190 302 206 alia.

227 215 271 230 Unde
282 215 328 230 tertia
338 216 363 230 est
376 214 434 235 positio
447 214 527 233 Averrois,
539 214 581 235 quod

206 239 246 255 nihil
261 239 341 260 signatum
356 241 419 255 maneat
433 239 475 255 idem
491 239 507 255 in
522 239 582 254 nutrito

206 268 225 280 ex
241 266 285 284 pai-w
302 264 379 285 corporis,
394 264 422 279 sed
438 266 533 284 consumpta
551 268 582 279 una

206 290 256 309 parte,
264 288 295 304 alia
303 288 368 304 advenit
377 290 393 304 et
403 288 504 309 deperditum
511 288 580 309 supplet.

206 313 247 329 Hinc
261 313 354 329 Aristoteles
368 313 421 333 primo
436 313 456 329 de
471 313 581 331 Generationc,

206 338 356 353 transmutationem
364 338 396 353 cibi
408 338 423 353 in
434 338 490 353 alitum
501 339 582 358 comparat

206 362 286 378 adustioni
295 362 379 382 lignorum⁴
389 362 430 378 Dicit
440 362 488 382 igitur
498 362 581 378 Commen-

207 388 253 405 tator,
266 387 308 407 quod
322 387 337 402 id
350 387 392 407 quod
405 387 476 407 eorporis
489 388 518 404 est,
530 386 582 402 consi-

207 411 259 427 derari
275 413 327 432 potest
341 411 427 432 dupliciter
441 415 445 427 τ
461 411 486 427 vel
503 416 522 427 ex
537 413 582 432 parte

208 435 284 454 materimy
295 438 312 451 et
322 435 345 451 sie
357 435 379 451 nil
391 437 473 456 permanet
484 436 546 455 tixum3
556 436 581 451 vel

608 189 671 210 accepit
685 194 704 205 ex
720 190 790 210 Virgine,
802 190 862 210 Spiritu
873 190 931 206 Sancto
944 190 984 206 illud

609 214 693 233 sormam,
701 214 790 230 secundum
801 214 878 230 rationem
890 214 984 230 seminalem

609 243 640 255 non
656 241 690 254 erat
705 239 721 254 in
736 239 792 257 Adam,
805 239 833 255 sed
845 239 916 255 seeundo
932 239 984 255 ruodo.

609 263 707 279 Assimilatio
721 268 758 284 ergo
773 264 789 279 in
807 264 909 284 corruptione
924 264 984 284 peceati

609 292 641 304 non
652 290 677 304 est
688 291 752 309 propter
763 288 862 304 identitatem
873 289 949 306 materiae,
957 289 984 304 sed

609 313 697 329 secundum
713 313 791 329 rationem
806 313 870 329 virtutis
883 313 944 329 activoe.
957 313 986 328 Ha-

609 337 636 353 bet
646 342 711 358 quoque
719 337 777 358 positio
788 337 821 353 hsec
831 337 862 353 alia
873 337 984 358 impossibilia,

609 362 651 378 sicut
662 362 696 382 juin
709 362 767 383 partim
780 362 796 378 in
809 362 906 383 praecedenti
917 361 985 377 articulo

609 386 666 407 patuit.

629 412 665 428 Ideo
675 411 703 427 alii
714 411 775 429 dicunt,
783 411 826 432 quod
837 416 892 427 semen
902 413 927 427 est
936 411 985 427 simul

609 441 628 452 ex
643 436 709 452 humido
724 436 789 451 rndicali
804 438 821 451 et
834 435 944 451 nutrimenuli
959 440 986 451 su-

207 465 226 476 ex
235 462 280 480 parte
287 460 347 481 speciei
357 462 373 476 et
382 460 443 478 turmae.
451 460 497 476 etsie
507 462 531 476 est
539 460 581 476 idom
589 460 601 476 B
609 461 678 481 perfluo,
690 463 706 476 et
718 461 748 476 hoc
760 462 811 476 totum
823 460 854 476 erit
866 460 951 476 humidum
962 465 985 476 ra-

207 489 304 505 permanens
321 489 384 505 eorpus.
400 485 436 501 Eaec
452 487 505 500 autem
524 485 582 505 positio

207 509 289 525 Aristoteli
299 509 368 530 amplius
379 511 460 528 consonat,
471 511 486 525 et
497 509 582 525 rationabi-

207 534 238 550 lior
245 534 313 550 videtur.

306 600 429 616 ARTICULUS
441 599 484 616 clx.

207 633 235 648 An
242 638 295 648 semen
302 633 324 648 sit
331 633 383 647 solum
391 633 493 651 superfluum
501 632 581 647 alimenti.

227 682 257 697 LLI
270 684 345 702 praeterea
359 681 387 702 qui
401 683 474 697 asserunt
487 681 582 697 alimentum

233 711 265 722 non
273 706 344 722 converti
352 706 369 722 in
376 706 482 722 substantiam
490 706 582 724 aliti‚etiam

207 731 267 748 dicunt.
276 731 318 751 quod
328 735 383 746 semen
393 735 425 746 non
435 733 459 746 est
469 735 488 746 ex
499 730 583 751 superfluo

609 485 660 501 dicale
673 485 689 501 in
703 485 738 501 filio
749 487 765 501 et
777 485 796 501 de
809 485 898 501 substantia
912 485 957 505 ejus;
969 487 986 501 et

609 510 632 526 sic
644 510 705 531 aliquid
718 509 760 530 quod
775 511 800 525 est
814 509 834 525 de
846 509 936 525 substantia
947 509 985 527 filii.

609 537 643 550 erat
660 535 679 550 de
697 534 764 550 veritate
780 536 841 550 naturae
857 534 913 555 patris,
927 534 953 549 avi
970 536 985 550 et

611 559 671 580 proavi,
682 561 699 575 et
714 559 735 574 ita
747 563 798 579 usque
810 558 829 574 ad
841 558 896 574 Adam*
908 558 939 574 Sed
953 563 985 574 non

610 583 673 599 videtur
683 588 721 599 vcra
730 583 789 604 positio
799 583 834 601 ista,
843 583 919 604 quonium
929 587 985 599 seeun-

610 608 648 623 dum
659 612 700 626 earn,
708 609 750 623 esset
761 608 853 628 propagatio
863 607 947 623 hominum
957 612 986 628 per

610 632 731 650 admixtionem,
743 634 759 647 et
769 632 793 647 sic
804 633 847 647 esset
857 636 921 652 semper
931 632 986 647 minus

609 657 629 672 de
637 657 703 673 veritate
711 656 784 672 humanae
792 658 852 672 naturae
860 656 876 672 in
884 656 929 677 prole
936 661 984 677 quam

610 681 626 697 in
636 683 681 702 patre
690 685 693 696 :
703 681 745 697 uude
754 681 788 701 jam
797 681 859 697 dudum
868 681 950 701 genoratio
959 680 986 696 de-

610 706 679 722 fecisset.

630 731 657 746 Est
667 734 705 750 ergo
716 730 762 746 tertia
771 730 830 750 positio
839 730 934 748 Aristotelis,
942 730 985 750 quod

207 755 285 773 alimenti,
293 755 320 771 sed
328 755 348 771 de
355 755 444 771 substantia
454 755 551 775 generantis,
559 755 582 770 sie
591 754 602 770 C
610 760 664 771 semen
679 755 699 770 sit
715 754 816 775 superfluum
830 754 908 773 alimenti,
923 756 939 770 et
953 758 985 770 nou

207 779 250 800 quod
262 782 295 795 tou
306 779 395 795 substantia
407 779 473 795 seminis
485 784 504 795 ex
516 779 583 795 humido

208 804 228 820 sit
238 804 308 823 radicali,
316 809 336 820 ex
347 809 379 825 quo
389 804 461 820 membra
472 804 524 825 primo
534 806 582 825 atque

208 829 319 849 principaliter
333 829 408 849 componi
423 829 483 844 dicunt.
499 829 543 844 Unde
560 833 583 844 se-

208 853 279 869 cundum
287 853 330 871 istos,
335 853 414 874 quidquid
421 853 441 869 de
449 853 514 868 veritate
522 855 582 869 naturus

208 878 282 894 humanae
296 880 321 893 est
335 878 351 893 in
367 877 402 893 tilio
416 882 435 893 ex
448 879 492 898 parte
504 877 582 898 eorporis,

208 904 259 918 totum
266 905 300 918 erat
308 903 324 918 in
333 904 377 923 patre
386 907 390 918 ῑ
398 902 432 918 imo
439 902 478 918 etin
487 902 522 923 ipso
530 902 582 923 primo

208 929 273 948 parente
284 927 315 943 fuit
326 929 358 943 tuta
368 927 458 943 substantia
468 927 539 947 corporis
549 931 582 942 orn-

208 952 252 968 nium
261 954 366 973 posterorum.
375 952 434 967 Horum
442 953 496 967 autem
504 951 582 967 motivum

208 977 309 997 potissimum
319 978 344 992 est
354 978 419 997 propter
428 975 544 992 traductionem
552 976 583 991 ori-

207 1001 265 1022 ginalis
277 1001 344 1022 peccati,
357 1001 399 1022 quod
412 1001 501 1017 secundum
513 1005 541 1017 eoa
553 1003 583 1016 tra<

208 1026 245 1042 duci
258 1030 290 1042 non
303 1028 362 1047 posset,
376 1025 407 1041 nisi
420 1025 436 1041 id
449 1026 501 1046 ipsum
512 1025 555 1046 quod
566 1025 582 1041 in

610 780 698 796 resolutum
711 784 720 795 a
732 781 771 798 toto,
782 779 810 795 sed
823 779 884 795 habeus
896 779 986 800 dispositiu-

610 809 646 820 nem
658 804 746 820 naturalem
758 804 778 819 ad
789 804 918 820 convenientiam
928 806 945 819 et
954 803 986 819 for-

610 834 652 845 mam
661 829 762 849 totius:quia
769 828 831 844 seilicet
838 829 876 844 dum
884 828 904 844 ad
912 828 985 844 ultimam

610 853 716 874 digestionem
733 853 831 874 pervenerit,
844 857 864 869 eo
880 853 904 869 vis
922 853 985 868 nutriti-

610 883 630 894 va
644 882 676 894 non
688 883 743 898 egensy
757 878 812 893 virtuti
824 878 920 898 generativa
932 878 985 898 ipsum

611 903 695 918 ministrat⁴
709 902 727 918 Et
737 902 786 922 hujus
797 902 881 923 positionis
893 902 938 923 ponit
950 902 985 918 Phi>

611 927 686 948 losophus
694 927 733 942 duas
741 927 810 943 rationes
817 927 879 947 triaque
886 927 931 947 signa
938 927 984 947 qnin-

611 952 690 967 todecimo
698 951 717 967 de
727 951 833 967 Animalibus*
842 951 894 967 Prima
902 955 905 966 ι
914 956 950 967 nam
961 956 985 967 se>

611 981 648 992 men
663 980 694 991 non
710 978 735 991 est
749 976 765 991 iu
779 980 845 996 corpore
860 976 984 994 accidentaliter,

610 1001 652 1017 sicut
664 1000 733 1021 putredo
744 1002 760 1016 et
772 1001 830 1019 sanies,
843 1001 870 1016 sed
886 1000 985 1018 naturaliter,

611 1025 652 1041 sicut
664 1027 720 1041 ceterae
735 1025 860 1046 superfluitates.
873 1025 917 1044 Quod
931 1027 985 1041 autem

209 1051 253 1072 prole
265 1053 295 1069 est,
308 1051 325 1066 in
338 1052 403 1071 parente
419 1050 471 1071 primo
482 1052 499 1066 et
510 1050 546 1066 aliia
561 1050 583 1066 in-
591 1051 603 1067 D
611 1050 704 1066 naturaliter
717 1050 733 1066 in
745 1054 811 1070 corpure
825 1052 855 1068 est,
867 1052 895 1065 aut
909 1052 933 1066 est
943 1055 985 1071 pars,

208 1075 269 1091 tectum
284 1075 346 1091 fuisset>
361 1075 391 1091 Sed
408 1075 442 1091 haec
457 1075 515 1095 positio
529 1075 583 1095 inepta

208 1102 232 1116 est
241 1104 244 1115 ε
255 1100 293 1120 quia
303 1100 391 1115 secundum
402 1100 516 1120 Augustinum,
528 1104 583 1120 pecca*

208 1127 242 1140 tum
254 1124 332 1145 originale
343 1124 359 1140 in
371 1124 418 1140 nohis
430 1126 459 1143 est,
472 1129 504 1140 nou
516 1124 554 1144 quia
566 1124 582 1139 in

207 1149 257 1165 Adam
265 1149 326 1165 ruimus
334 1149 538 1169 seeundumeorpulentam
547 1148 583 1164 sub-

207 1174 282 1190 stantiam
299 1173 366 1194 (alioqui
383 1174 399 1189 in
416 1174 479 1190 Christo
495 1175 536 1189 esset
553 1173 583 1189 hoc

207 1198 303 1219 peccatum),
314 1198 342 1214 sed
354 1198 392 1219 quia
404 1198 493 1214 secundum
504 1198 583 1213 rationem

207 1223 301 1239 seminalem
313 1223 481 1243 concupiscentialiter
494 1223 510 1238 in
522 1227 541 1238 eo
554 1222 584 1238 tui-

208 1253 243 1264 mus
255 1250 271 1264 et
286 1247 306 1264 ub
320 1252 340 1264 eo
352 1248 470 1263 descendimus*
484 1247 503 1263 Et
517 1248 583 1268 quidem

207 1273 247 1289 ratio
258 1272 346 1291 seminalis!
357 1273 408 1288 virtus
419 1272 503 1288 formativa
514 1272 583 1292 dicitur;

207 1297 301 1319 corpulenta
309 1301 347 1313 vero
356 1297 451 1315 substantia,
460 1297 530 1313 materia.
539 1296 583 1313 Unde

207 1323 235 1343 qui
250 1327 270 1338 ex
284 1322 327 1338 coitu
341 1323 443 1342 generantur,
456 1324 524 1342 utroque
537 1321 584 1337 modo

611 1077 629 1090 ut
640 1079 677 1091 caro
692 1077 707 1090 et
721 1079 790 1094 nervus;
803 1076 831 1090 aut
845 1074 952 1095 superfluum,
968 1077 986 1090 ut

611 1100 635 1115 lac
646 1102 662 1115 et
673 1099 724 1115 urina.
733 1099 763 1115 Sed
775 1104 829 1115 semen
840 1103 871 1115 non
882 1101 950 1120 estpars
960 1104 987 1115 or—

610 1124 672 1145 ganica,
683 1129 733 1145 quum
744 1124 765 1140 sit
774 1124 827 1140 simile
836 1124 852 1140 in
863 1126 895 1140 tow
905 1126 920 1140 ot
930 1126 985 1144 parte:

611 1154 641 1165 nec
648 1151 673 1165 est
683 1149 703 1164 de
713 1148 785 1169 partibus
795 1148 913 1167 consimilibus,
920 1149 959 1169 quia
968 1149 985 1164 in

611 1174 741 1190 constitutionem
757 1173 825 1189 membri
840 1178 871 1189 nou
886 1173 930 1189 venit
942 1178 946 1189 ε
961 1176 987 1189 est

612 1199 660 1219 igitur·
669 1198 741 1214 alimenti
751 1198 857 1218 superfluum.
866 1198 938 1214 Secunda
946 1198 987 1214 ratio

611 1225 640 1241 est,
648 1223 686 1243 quia
694 1223 707 1238 si
715 1227 769 1238 semen
777 1224 802 1238 est
809 1222 828 1238 de
836 1222 925 1238 substantia
932 1227 987 1243 corpo-

611 1248 638 1266 ris,
646 1249 709 1268 oportet
718 1247 760 1268 quud
771 1251 800 1268 per
809 1247 907 1263 decisionem
915 1251 986 1263 corrum-

611 1274 663 1293 patur,
671 1274 688 1288 et
695 1272 762 1288 sormam
772 1272 835 1287 amittat
842 1273 890 1292 atque
899 1272 975 1288 virtutem
982 1276 986 1287 :

610 1298 626 1313 et
643 1296 667 1312 sic
684 1297 764 1312 amitteret
783 1298 856 1312 naturam
876 1298 892 1312 et
909 1296 985 1312 virtutem

612 1321 721 1337 membrorum
732 1321 775 1337 unde
785 1320 874 1337 deciditur:
883 1323 899 1337 et
908 1325 937 1342 per
947 1325 985 1337 con-
