1083 1563
205 115 235 131 ¹38

268 120 382 132 ΕΠΕΔΤΙῚΙΙΔΜΙΙ
392 120 408 132 11(
419 120 476 132 BEDlNss
486 121 508 132 AB
518 120 560 132 DBUH
570 120 681 133 cousmssnarto
691 121 791 133 ΤΠΒοωῦίΕΔ.
799 114 820 129 -Δ
827 121 862 133 ΔΒΤ.
870 121 890 136 u,
898 121 918 133 nt

204 162 227 178 cit
238 163 277 179 ordo
290 163 382 179 intentionis
394 163 443 179 unius
456 163 476 179 ad
491 163 551 183 alium3
563 163 599 179 etA
607 163 686 184 exponit:
697 164 734 184 quia
746 164 835 180 secundum
847 169 891 182 eurn,
903 164 945 180 inter
955 164 981 180 tn>

205 192 253 208 quam
261 188 293 204 cito
302 188 368 208 angelus
379 193 421 204 unus
432 188 495 204 ordinat
506 188 579 204 intentio-

205 217 242 228 nem
252 217 298 228 suam
310 214 327 228 ut
338 212 383 228 alteri
395 212 535 231 maniiestandam,
545 212 580 228 eisi-

205 237 247 253 citur
259 237 319 253 locutio
331 237 351 253 dc
363 237 481 258 pcrtinentibus
492 237 513 253 ad
527 237 579 256 illurn,

205 264 221 277 et
230 262 312 282 cognoscit
321 266 356 278 eam
368 266 371 278 :
382 267 447 283 semper
458 262 502 278 enirn
514 262 580 278 actuali-

205 288 229 302 ter
240 289 338 307 cognoscunt
349 287 403 302 omnin
414 292 449 307 quae
459 287 479 303 ad
490 287 534 308 ipsos
545 291 580 308 per-

205 311 262 327 tinent.

224 336 292 352 Interior
302 338 356 352 autern
367 336 433 357 augelus
445 336 524 357 superiori
536 336 580 357 loqui

205 362 262 381 potest,
271 361 299 376 sed
310 361 402 377 illuminare
412 365 444 377 non
454 361 501 379 valet,
509 361 552 377 sicut
560 365 580 377 ex

205 385 253 401 dictis
262 387 310 406 patet.

313 438 436 454 ARTICULUS
445 438 473 454 LI.

205 468 232 483 An
250 468 307 487 anyeli
321 472 352 487 per
368 468 440 483 homines
457 469 581 484 Incarnationis

226 490 323 509 mysterium
331 490 422 505 didicerint
425 496 431 508 ,⁴
438 493 453 505 el
460 491 481 505 dc
488 495 546 510 pugna
553 496 581 506 an-

224 513 306 532 yelorum,
314 517 333 527 ac
343 513 431 528 cessatione
441 513 525 528 ordinum.

242 557 253 573 Ε
265 557 374 573 incarnatione
384 558 442 573 Christi
455 557 495 573 dicit
506 558 581 578 Hierony-

248 587 289 601 rnus,
297 582 340 603 quod
347 582 398 603 angeli
410 587 445 598 earn
456 584 541 603 antequam
553 582 581 598 tie-

206 609 235 625 ret.
243 612 276 623 non
283 607 355 623 sciebant
364 611 367 623 τ
376 609 392 623 et
401 607 452 628 quoad
463 607 493 623 hoc
503 607 582 623 contradi-

205 631 228 647 cit
237 631 252 647 ei
262 632 366 652 Augustinus,
374 636 447 647 asserens
459 636 486 648 eos
497 637 506 647 a
519 632 582 648 saeculis

206 661 241 672 eam
252 656 357 676 praescivisse,
367 661 396 672 seu
407 661 416 672 e
427 656 507 677 principio
520 656 580 672 mundi.

206 680 248 696 Dicit
255 685 320 701 quoque
327 681 439 701 Hieronymus,
447 681 490 701 quod
501 681 521 696 nb
531 681 582 697 hoini-

206 705 255 720 nibus
262 710 298 721 earn
306 705 392 721 didicerint
400 710 404 721 :
412 706 437 721 cui
446 705 540 721 contradicit
547 705 582 721 Dio-

206 730 261 750 nysius
267 731 323 750 quarto
329 729 398 750 capitulo
404 730 476 745 Coelestis
483 730 581 748 hierarchiae,

607 192 635 204 uos
647 188 712 208 angelos
724 188 768 204 nulla
783 193 836 209 pugna
850 191 878 204 aut
892 189 981 204 resistentia

607 215 635 228 ost⁴
644 213 675 229 Sed
685 213 702 228 in
712 213 742 229 hoc
752 213 831 229 dubitatio
844 213 896 229 minor
908 217 940 229 non
952 215 980 229 esti

607 237 623 253 Si
631 237 674 253 enim
687 238 753 258 angelus
764 238 792 258 qui
802 238 860 258 angelo
870 243 907 254 cum
917 238 981 254 Daniele

607 262 678 283 loquenti
687 263 745 278 restitit
753 263 804 278 malus
814 265 853 281 erat.
864 265 896 278 tam
906 263 933 279 diu
944 263 981 279 resi<

607 289 649 303 suere
661 292 692 303 nou
705 287 789 308 potuisset,
802 287 833 303 nisi
844 287 905 308 justam
918 292 981 303 causam

607 312 753 332 babuissetzquam
761 312 775 327 si
783 312 839 332 utiquc
846 312 934 330 habuisset,
943 312 982 328 inul-

607 338 624 352 to
631 336 692 352 diutius
699 337 714 352 oi
722 336 796 352 resistere
804 336 887 357 potuisset.
893 336 937 352 Unde
944 341 981 352 cuin

607 361 683 381 Gregorio
690 361 782 379 dicendum,
790 361 833 382 quod
841 363 909 382 uterque
915 361 981 382 angelus

607 386 659 401 bonus
671 387 709 401 erat.
720 385 772 404 Quum
785 386 828 401 enim
840 386 901 406 judicia
911 386 938 401 Dei
949 386 981 401 sint
1003 392 1012 399 ι.
1038 393 1046 402 ι,

607 410 674 431 abyssus
684 410 739 428 multa,
751 410 786 426 ideo
796 410 870 426 nesciunt
880 410 932 430 angeli
943 410 980 430 quid
987 406 997 416 ⁷'

607 435 675 455 singulis
682 434 757 455 gentibus
764 435 807 455 juste
815 434 933 453 debeatur‚nisi
941 435 982 450 Deus

587 458 599 474 B
608 459 631 475 eis
640 459 703 475 revelet<
708 459 774 475 Possunt
782 459 830 480 igitur
838 459 982 480 angeltunusquis-

608 489 639 505 que
654 488 683 505 pro
698 484 757 505 populo
769 484 800 499 sibi
815 484 908 502 commisso,
920 484 983 499 diversa

609 509 665 525 merita
681 509 766 527 adducere,
782 509 801 524 de
816 508 876 529 quibus
890 510 984 529 exspectent

608 533 679 549 divinam
687 533 787 549 sententiam.
793 533 836 549 Unde
844 533 944 549 diversor-uin
953 537 984 548 me-

609 558 675 574 ritorum
684 558 703 573 ad
713 558 764 574 Deum
775 558 836 576 relatio,
845 557 938 578 angelorum
950 562 984 573 sau-

609 584 670 598 ctorum
679 587 732 603 pugna
739 584 815 602 vocatur3
824 582 868 598 nullo
878 584 932 598 tamen
942 582 984 597 inter

609 612 636 623 eos
644 607 723 623 discordia
731 609 759 625 est,
763 607 840 627 quoniam
848 607 878 623 boc
884 611 941 622 omnes
949 611 983 622 con⁴

608 632 678 648 corditer
689 631 745 647 volunt
759 631 801 652 quod
816 631 867 647 Deum
879 631 921 647 velle
932 631 983 652 perci-

609 657 660 677 piunt.
674 656 716 672 Dicit
728 656 771 672 enim
784 660 827 671 nono
841 656 934 672 Ethicorum
949 655 983 671 Ari-

609 681 679 699 stoteles,
692 681 734 701 quod
746 680 840 701 opinionum
853 680 937 696 diversitas
952 685 982 696 non

609 708 687 726 repugnat
694 705 769 721 amicitie
776 707 805 720 aut
811 705 907 723 concordia,
915 705 943 721 sed
952 705 983 720 dis·

609 735 644 746 cors
655 730 733 746 voluntas.

206 753 234 769 ubi
247 754 274 772 ait,
286 754 351 774 angelos
362 754 382 769 de
393 754 469 775 mysterio
478 754 582 770 humanitatis
590 754 600 770 G
629 755 696 775 insuper
703 754 792 772 sciendum,
799 754 842 775 quod
850 754 914 770 ordines
921 754 983 774 angelo-

206 778 254 794 Verbi
266 778 319 799 primo
326 778 397 797 edoctos,
405 781 421 795 et
428 784 457 799 per
464 783 491 795 eos
499 779 582 795 devenisse

206 803 313 823 cognitionem
321 803 356 823 ejus
363 803 383 819 ad
391 804 469 819 homines,
478 804 516 819 Num
524 806 540 819 et
548 808 583 824 pro-

206 828 274 849 pheticae
286 828 396 846 revelationes,
407 828 499 848 angelorum
512 828 583 844 ministe-

207 852 231 868 rio
238 852 284 868 factm
291 852 383 868 creduntur,
389 853 408 868 Et
415 853 449 869 haec
457 853 515 874 positio
522 853 583 874 simpli-

207 877 248 893 citer
258 882 296 893 vera
306 879 335 893 est.
344 877 449 898 Hieronymus
460 880 514 893 tamen
525 878 582 893 salvari

207 904 266 923 posset,
275 902 287 918 si
297 902 395 922 intelligatur
403 902 465 918 locutus
476 903 496 918 de
507 903 583 923 mysterio

207 926 327 945 incarnationis,
338 931 370 942 non
380 927 431 947 quoad
443 927 548 943 substantiam
561 927 584 943 ia-

207 952 234 970 cti,
247 951 275 967 sed
289 951 342 972 quoad
354 953 405 967 certas
419 952 553 970 circumstantias,
566 954 584 968 ut

207 976 249 997 quod
258 976 285 992 tali
294 976 337 994 hora,
345 978 362 992 et
369 976 399 992 sub
407 976 435 992 illo
443 976 516 997 praeside,
522 978 552 992 etc.
558 981 562 996 ;
568 979 584 992 et

207 1000 237 1016 hoc
257 1002 312 1021 postea
331 1003 441 1021 coguoverunt
460 1001 583 1021 praedicantibus

207 1025 292 1045 Apostolis,
300 1029 332 1041 nou
341 1030 369 1046 per
377 1025 510 1041 illuminationem
518 1025 584 1046 Aposto-

609 784 645 795 rum
658 779 743 795 cessabunt
752 779 818 800 quidem
828 781 864 800 post
874 779 917 795 diem
926 779 983 799 judieii

609 804 660 825 quoad
673 804 743 820 exterius
756 803 874 823 ministerium3
887 808 918 819 non
931 805 983 819 autem

609 829 661 849 quoad
673 828 740 848 gradum
753 830 819 847 naturae,
830 828 885 849 gntiae
896 830 913 844 et
924 828 983 848 glorie,

610 854 635 869 vel
642 853 695 874 quoad
702 853 793 869 essentialia
800 853 881 871 ordinum,
888 857 924 873 quas
934 852 984 868 consi-

609 880 653 894 stunt
661 878 677 893 in
685 877 787 898 perceptione
795 877 853 893 divinae
861 877 907 896 lucis,
913 879 929 893 et
936 877 984 893 ditru-

609 903 654 918 sione
667 902 711 918 illius
723 902 739 918 in
753 902 841 918 inferiores.
855 902 874 917 Et
886 902 920 917 haic
932 902 948 917 in
961 902 984 917 eis

610 927 741 948 perseverabunt,
751 927 813 942 scilicet
822 931 825 942 :
834 927 913 947 purgatio,
926 926 984 942 illumi-

610 952 659 969 natio,
671 951 758 972 perseetio3
769 956 801 967 non
812 953 866 967 tamen
876 951 895 967 ad
906 955 984 966 novorum

610 976 724 996 cognitionem,
732 976 759 991 sed
767 976 819 996 quoad
827 975 918 996 agnitorum
925 977 941 991 et
949 975 983 991 illu-

610 1001 703 1017 minationis
717 1000 853 1016 continuationem
867 1004 870 1015 :
884 1000 926 1015 sicut
937 999 985 1015 etiarn

610 1026 633 1041 sol
649 1030 712 1046 semper
726 1025 825 1040 illuminabit
838 1029 897 1040 aerem.
910 1033 930 1036 —
942 1024 986 1043 Quod

207 1049 298 1068 lorum,sed
306 1054 335 1070 per
343 1050 408 1065 modum
416 1050 512 1071 expletionis
519 1054 582 1066 rerum:
591 1050 603 1066 D
610 1052 663 1066 autem
673 1050 744 1065 actiones
752 1049 855 1065 hierarchicm
864 1049 960 1065 ordinentur
966 1049 985 1064 ad

207 1074 343 1095 quemadmodum
350 1074 404 1090 lutura
412 1074 520 1095 contingentia
527 1079 584 1095 cogno·

207 1101 254 1114 scunt
268 1099 333 1119 quando
344 1101 380 1114 actu
394 1099 500 1119 complentur,
513 1104 541 1120 per
554 1099 583 1115 hoc

207 1123 250 1144 quod
262 1128 318 1139 eorum
331 1128 383 1139 causas
394 1124 414 1139 ad
426 1123 495 1139 eiieetus
509 1124 583 1140 determi-

208 1150 272 1167 nantur,
281 1150 298 1163 ut
309 1148 325 1163 in
335 1148 359 1164 eis
370 1148 444 1168 cognosci
456 1148 522 1169 possint.
530 1148 584 1164 Nihilo

208 1173 262 1188 minus
269 1172 342 1193 quiedam
350 1173 375 1193 (ut
385 1177 421 1193 (με
431 1173 482 1189 libero
493 1173 584 1189 subduntur

208 1197 285 1218 imperio)
296 1199 348 1218 potest
363 1197 429 1217 angelus
440 1197 461 1213 ab
475 1197 540 1213 homine
556 1203 584 1218 per

209 1221 306 1238 locutionem
314 1226 410 1242 cognoscere
418 1226 422 1237 1
430 1222 468 1243 quin
475 1222 554 1243 superiori
562 1222 584 1238 in-

208 1246 258 1262 ferior
269 1246 313 1267 loqui
324 1248 382 1267 potest,
392 1251 441 1267 quem
452 1251 483 1262 non
497 1247 583 1263 illuminat.

229 1271 276 1287 Porro
284 1271 327 1291 quod
337 1271 398 1287 Danieli
408 1271 475 1292 loquens
484 1272 551 1292 angelus
561 1271 584 1287 di-

134 1301 178 1314 υιω.
185 1301 201 1312 1³.
208 1295 236 1314 cit.
241 1295 316 1317 Princeps
324 1296 406 1312 Persarum
415 1296 473 1312 restitit
481 1296 520 1312 mihi
528 1296 585 1312 diebus

209 1321 266 1341 viginti
274 1323 290 1337 et
298 1325 335 1340 uno,
340 1321 445 1342 Hieronymus
453 1321 473 1337 dc
479 1321 536 1342 angelo
544 1321 586 1337 malo

610 1074 719 1090 reducendum
734 1074 807 1090 homines
819 1074 888 1090 viatores
900 1074 916 1089 in
929 1074 985 1092 Deum,

610 1099 669 1115 accidit
685 1099 725 1119 ipsis
741 1098 830 1114 ordinibus.
849 1098 898 1117 Unde,
914 1100 986 1114 cessante

611 1126 652 1139 statu
666 1123 702 1141 viae,
714 1128 745 1139 non
759 1125 822 1144 oportet
834 1123 877 1144 quod
890 1124 941 1139 cesset
954 1123 986 1138 dis-

611 1148 668 1164 tinctio
673 1148 758 1164 ordinum.

708 1202 831 1218 ARTICULUS
843 1202 879 1218 LII.

656 1234 715 1249 Utrum
726 1233 781 1248 omnia
791 1233 825 1247 sint
836 1233 886 1248 simul
895 1233 946 1252 facta.

649 1271 702 1287 ORUM
714 1272 790 1291 prmterea
800 1275 836 1291 qum
846 1270 884 1286 fidoi
894 1272 937 1288 sunt,
946 1275 988 1291 qure-

657 1296 693 1311 dam
701 1295 762 1311 suntin
770 1295 830 1316 quibus
837 1294 945 1311 diversimodo
954 1295 988 1316 opi-

613 1321 648 1337 nari
659 1325 691 1336 non
702 1320 745 1339 licet,
757 1322 774 1336 ut
784 1321 809 1336 est
820 1324 873 1336 rerum
885 1324 904 1335 ex
915 1321 988 1341 tempore
