1083 1563
13 664 69 675 lum.
83 667 87 674 ι

419 122 440 133 ιιι
450 121 524 133 nunnus
535 121 561 133 nn

848 117 878 134 ³49

98 164 198 180 :eternaliter
211 164 317 183 subsistendo,
330 166 366 185 post
380 164 439 182 omnia,
452 164 475 179 in·
483 164 496 180 Α
523 163 585 179 Filiatiu
592 165 645 179 autem
654 165 681 179 tua
688 164 743 180 divina
750 166 814 183 est,non
823 164 878 180 huma-

98 189 237 205 commutabiliter
247 189 361 210 permanendo.

120 238 190 254 Trinitas
212 238 350 259 superbenedicta,
371 237 477 253 essentialiter

98 265 155 279 saneta
162 265 178 279 et
185 263 348 284 superpulcherrima,
357 265 374 278 tu
382 267 413 278 una
423 267 476 278 essen·

100 287 129 306 tia,
142 292 173 303 una
184 288 241 306 virtus,
254 292 296 303 unus
309 287 400 303 intellectus
412 291 476 307 unaque

100 312 139 327 vit-a.

121 337 144 352 Da
151 336 198 352 nobis
206 341 269 357 semper
277 338 348 352 mentem
359 336 375 351 in
387 338 402 351 te
414 335 476 351 absolu-

100 363 134 377 tam
146 363 163 377 et
175 361 247 379 liberum,
260 361 371 379 affectuosam,
385 365 447 381 puram,
461 360 476 375 in

99 389 129 401 tua
136 386 270 406 contemplatione
278 387 337 406 tuoque
344 390 398 401 amore
406 385 478 406 quotidie

100 411 219 432 perfectiorem.

121 435 168 453 Laus,
185 435 241 453 honor,
258 436 334 456 potestas.
350 434 476 455 magnificentia,

503 193 524 204 ns
532 192 536 203 z
545 188 596 204 nihilo
603 188 657 204 miuus
664 193 702 204 vere
713 191 728 204 te
738 193 773 204 esse
783 188 837 205 filium
844 189 878 204 Vir-

503 213 546 233 ginis
560 213 611 228 credit
627 213 704 231 Ecclesia,
717 213 793 234 quoniam
807 218 844 229 vere
858 218 878 229 ex

504 237 540 257 ejus
551 242 568 253 es
578 237 668 253 substantia
678 240 730 253 natus.

524 262 592 282 Utraque
600 266 638 282 ergo
647 264 703 278 natura
713 264 766 278 manet
776 262 792 278 in
802 265 818 278 te
828 262 878 278 invio-

504 286 540 304 lata,
552 291 592 307 pura
606 289 623 302 et
637 287 703 307 integra,
716 287 831 307 proprietatum
844 292 878 303 sua-

504 315 540 326 rum
554 311 651 327 naturalium
664 316 702 327 vere
713 313 730 327 et
743 311 879 328 inconfusibiliter

504 335 587 351 retentiva.

524 360 564 376 Hine
571 362 604 379 tua,
611 365 621 376 o
629 360 696 379 Christe,
704 360 795 376 humanitas
802 365 834 376 non
842 361 879 377 sub-

504 384 546 400 sistit
553 384 569 400 in
577 389 613 401 esse
620 387 673 401 creato
680 390 698 401 ac
706 385 776 406 proprio,
782 390 811 401 nec
818 385 878 406 duplex

504 414 539 425 esse
550 409 668 430 hypostaticum
680 410 762 425 invenitur
771 410 787 425 in
798 412 814 426 te
824 410 879 431 aliquo

506 434 557 449 modo.

100 464 169 480 regnum
183 462 200 475 et
217 459 267 480 gloria
284 459 320 477 tibi,
335 459 403 475 Trinius
422 463 477 479 super-
486 458 498 474 Β
525 458 580 479 Neque
587 460 610 476 tu,
618 458 668 477 Pater,
676 463 729 479 neque
736 461 759 477 tu,
765 459 834 480 Spiritus
841 459 879 475 San·

100 484 169 502 excelsa,
183 484 261 500 Divinitas
275 488 317 502 vera,
330 484 394 499 Creator
405 483 478 504 omnipo·

101 511 143 527 tens,
155 509 212 524 vivens
223 510 239 524 et
251 513 319 529 regnans
332 513 361 529 per
372 508 431 524 escula
443 508 478 523 uni-

101 538 153 549 versa.
162 533 218 549 Amen.

190 585 235 600 Lmu
247 585 294 600 Verbi
302 584 392 599 incarnati.

122 632 144 647 Τι
157 631 223 647 unicum
236 631 263 647 Dei
276 631 340 650 Filium,
352 631 402 647 Deum
415 635 478 649 verum,

89 672 93 677 ,
102 656 181 672 veraciter
195 656 295 672 incarnatum
308 656 387 675 fatemur;
399 658 415 671 te
428 656 479 671 homi-

102 685 140 697 nem
150 681 216 699 facturn,
227 682 243 696 et
254 680 304 696 [lenm
316 685 335 696 ac
345 680 427 696 hominem
437 685 478 699 esse,

101 708 146 722 certa
156 708 204 726 atque
215 705 295 721 immobili
306 704 339 721 fide
349 707 432 720 testamur.

121 730 178 746 Veram
192 732 241 750 atque
256 729 344 750 perfectam
361 729 477 745 humanitatem

505 485 535 501 cte,
541 483 619 499 dicendus
626 487 643 499 es
651 483 742 499 incarnatus
748 484 830 504 :quamvis
838 486 879 500 uter-

505 512 537 528 que
542 509 617 523 noscatur
621 508 641 523 ad
647 507 773 524 incarnationem
778 511 877 529 cooperatus.

525 532 582 548 Decuit
588 534 642 548 autem
650 535 665 548 te
673 532 731 548 Filium
741 533 820 549 incarnari
829 537 833 548 z
841 537 880 554 quo-

505 556 549 572 niam
563 556 593 572 tibi
605 557 718 577 appropriatur
729 557 819 573 similitudo
830 558 880 573 Patris

506 581 645 601 miei-mangelus
655 584 709 597 autern
721 583 737 597 et
747 582 795 598 homo
806 582 881 598 similitu-

506 605 559 621 dinem
575 606 602 621 Dei
612 606 707 624 ,inordinato
721 607 811 627 appetendo
825 611 881 627 pecca-

506 632 568 646 verunt⁴

526 654 567 670 Hinc
574 655 619 670 Pater
628 656 697 671 aternus
708 655 760 671 zelans
772 660 801 676 pro
812 658 827 671 te
839 656 881 676 inju-

506 679 547 695 riam
555 679 631 700 patiente,
639 681 726 700 utrumque
735 680 817 696 damnavit
826 685 829 695 z
838 680 880 696 unde

506 706 523 719 tu
536 708 604 720 cernens
614 704 676 720 Patrem
688 706 753 725 propter
764 706 779 720 te
791 705 880 726 perdidisse

506 733 554 749 quarn
572 728 643 744 condidit
662 729 755 745 rationalem
774 734 792 745 ao
809 730 880 746 nobilem

99 755 201 776 hypostatice
215 754 327 775 assumpsisti3
340 758 371 770 non
386 758 477 775 personam,
485 754 496 770 C
506 755 622 771 creaturam,ut
628 753 664 773 ejus
671 758 753 774 reparares
760 758 827 774 regnum
834 756 881 775 atque

98 779 128 795 sed
137 781 209 795 naturam
220 779 335 799 benignissime
346 780 394 799 atque
404 779 477 800 supposi-

98 804 154 820 taliter
164 804 236 820 induisti.

121 828 181 844 Eodem
198 830 286 847 momento,
301 828 318 844 in
334 830 393 844 sanetae
408 828 478 849 Virginis

99 856 148 869 utero
158 853 229 869 animam
240 852 334 868 rationalem
346 853 409 871 creasti,
419 857 478 873 corpus

98 882 120 893 ex
132 877 167 897 ejus
182 877 269 898 purissimo
283 877 361 897 sanguine
376 876 447 893 formasti
462 878 478 892 et

99 901 203 922 organinsti,

118 926 206 947 Utrumque
213 926 266 944 etiam,
271 925 291 941 ad
298 925 427 941 constituendum
432 930 478 942 unam

98 953 175 967 naturam
190 950 290 971 specificam,
303 950 396 966 naturaliter
408 950 439 966 sibi
454 951 477 966 in-

98 976 154 991 vicem
165 975 249 996 copulasti,
259 977 307 995 atque
319 977 392 991 naturam
404 975 446 991 hane
457 975 477 991 ad

98 1002 146 1015 tuam
159 1000 289 1020 personalitatem
300 1001 376 1015 aternam
388 1001 404 1015 et
417 1000 478 1015 increa-

99 1027 135 1040 tam
146 1024 252 1045 assumpsisti.

505 778 589 796 honorem,
597 778 671 798 dignatus
679 783 696 794 os
703 780 747 794 tuam
755 783 836 795 assumere
847 779 880 800 pla-

506 804 598 818 smaturami

525 827 548 843 Tu
559 831 623 849 quoque
633 832 684 848 quurn
695 827 717 843 sis
727 828 808 844 emanatio
819 828 881 844 intelle-

505 854 547 870 ctus,
557 853 614 873 utputa
625 852 695 868 verbum
707 855 723 868 et
735 852 813 873 sapientia
825 853 880 871 Patris,

505 876 592 897 specialem
600 881 637 892 cum
644 876 710 893 homine
717 877 845 893 convenientiam
854 877 881 893 ha-

505 901 571 921 busqui
579 901 599 917 ab
607 901 710 917 intellectuali
717 901 814 922 perfectione
822 902 882 918 dicitur

505 925 592 941 rationalis.

525 950 561 966 Tibi
568 950 634 966 demum
642 950 698 966 media
706 955 778 971 perseum
789 951 805 966 in
814 951 880 970 divinis,

505 975 586 995 principue
594 977 685 995 competere
692 975 745 995 potuit
752 980 810 991 nornen
818 977 834 991 et
841 976 881 992 ratio
904 993 906 996 v

505 999 603 1015 mediatoris

525 1024 565 1040 Filio
572 1028 636 1044 quoque
645 1024 733 1044 presertim
743 1025 844 1045 competebat
854 1025 880 1041 Pa-

121 1050 208 1070 Assnmpta
220 1050 244 1064 est
255 1049 300 1064 enim
313 1051 340 1064 tua
355 1049 446 1064 humanitas
457 1049 477 1065 ad
485 1051 497 1067 D
505 1051 546 1064 trem
552 1048 615 1069 placare
623 1050 638 1064 et
647 1050 713 1064 matrem
719 1049 839 1070 habere:ntqui
847 1051 881 1065 erat

99 1074 190 1090 increatum
208 1073 324 1094 personaleque
340 1078 375 1089 esse
393 1073 446 1092 Verbi,
462 1076 478 1089 et

99 1099 156 1119 ipsum
163 1098 233 1114 Verbum
241 1100 318 1114 internum
326 1100 351 1113 est
357 1100 443 1119 assumpt-m
451 1098 478 1114 hu-

99 1123 183 1139 manitatis
197 1123 293 1144 hypostasis,
307 1122 353 1143 juxta
366 1122 477 1138 testimonium

99 1148 147 1164 fidei.

121 1172 184 1193 Duplex
195 1172 249 1193 itaque
256 1174 281 1188 est
289 1172 305 1188 in
313 1174 328 1188 te
336 1174 398 1190 natura,
407 1172 434 1188 sod
446 1177 477 1188 una

99 1201 179 1219 ρει-πως
187 1197 247 1217 duplex
254 1201 319 1217 quoque
328 1197 402 1212 nativitas
413 1201 441 1212 seu
452 1201 478 1217 ge-

98 1222 163 1238 neratio
173 1222 251 1242 competit
261 1221 297 1240 tibi,
305 1221 333 1237 sed
344 1221 402 1237 filiatio
413 1226 449 1237 una*

121 1247 155 1263 Non
163 1246 207 1262 enim
215 1246 248 1262 duo
255 1246 296 1264 Filii,
304 1246 332 1261 sed
343 1251 384 1261 unus
393 1250 411 1261 es
421 1245 448 1261 Dei
459 1251 477 1262 ac

98 1272 171 1292 Virginis
181 1271 231 1287 Filius
243 1275 247 1286 :
259 1271 334 1291 quoniam
344 1270 402 1286 filiatio
414 1275 478 1286 concer-

99 1297 125 1313 nit
137 1300 229 1317 personam,
241 1295 323 1316 generatio
333 1297 387 1311 autem
397 1297 476 1314 naturam,

99 1322 118 1338 in
129 1320 194 1337 entibus
204 1320 269 1341 genitis.

505 1073 540 1089 sine
548 1075 599 1089 matre
607 1075 653 1089 natus
660 1078 680 1089 ex
685 1073 730 1089 Patre
738 1074 754 1089 in
762 1074 854 1092 eternitate.
860 1075 881 1090 si-

505 1103 526 1114 ne
533 1100 578 1119 patre
588 1100 681 1113 nasceretur
690 1103 709 1114 ex
720 1100 770 1114 matre
778 1099 794 1114 in
802 1101 880 1120 ternpore.

525 1147 564 1166 Tua,
578 1152 588 1163 ο
601 1147 631 1163 Fili
643 1148 677 1166 Dei,
688 1148 777 1164 incarnatio
789 1148 881 1169 purissima,

506 1172 607 1193 praeamanda
618 1175 634 1188 et
645 1172 735 1191 benedicta,
745 1173 766 1189 sit
778 1173 824 1189 nohis
836 1174 882 1189 deifi-

505 1197 572 1213 cationis
583 1197 668 1218 omnisque
680 1197 734 1218 gratiae
746 1198 835 1219 concupitas
847 1203 882 1219 per-

505 1222 551 1237 ennis
562 1223 577 1237 et
588 1222 647 1237 efficax
658 1226 710 1237 causa.

525 1246 558 1262 Tua
565 1246 584 1262 ad
595 1246 627 1262 ima
636 1246 720 1262 descensio
731 1246 880 1268 inaestimabilisque

505 1271 581 1291 dignatio,
594 1271 615 1287 sit
627 1271 673 1287 nobis
685 1273 748 1288 oeternae
763 1276 810 1287 causa
824 1272 880 1288 salutis

504 1297 552 1316 atque
563 1296 582 1311 ad
592 1300 656 1311 summa
666 1296 752 1316 provectio.

525 1320 562 1336 Tum
569 1320 683 1336 incarnationis
690 1321 749 1337 intuitu
755 1321 775 1337 da
782 1321 828 1337 nobis
834 1326 880 1343 spem
