1083 1563
136 811 140 822 t
147 811 185 823 rima.
191 812 201 822 ⁵⁴

206 121 235 138 172

282 126 394 138 ettenorum!
405 126 421 138 ΙΝ
431 126 488 138 ouum!
498 126 519 137 AD
530 125 572 137 BEUH
582 125 693 138 CONSlDEMTw
703 126 803 138 'rusci-omn.
811 131 832 134 -
839 126 873 138 an.
882 126 907 138 xe!

205 168 277 188 interior,
286 169 364 185 minorem
370 173 374 189 ς
383 169 489 185 consideratio
496 173 534 184 vero
544 173 580 184 con·
588 167 601 183 Α
609 173 641 184 non
649 169 679 185 nisi
687 169 779 190 appetitivis
787 169 863 190 potentiis
872 169 937 190 proprie
946 172 985 184 con*

205 193 282 209 clusionis
297 193 359 212 elicitae,
374 195 398 209 est
414 195 459 209 actus
473 193 579 209 conscientie.

205 218 267 234 Dicitur
279 218 322 234 enim
334 218 431 234 conscientia
442 218 488 239 quasi
500 222 537 233 curn
550 217 581 233 alio

205 243 272 259 scientia
277 247 281 258 2
286 243 324 263 quia
331 242 427 258 universalis
434 243 502 258 scientis
510 247 538 263 per
545 247 580 258 eam

205 268 224 283 ad
237 268 349 288 particularem
359 270 413 283 actum
423 267 518 288 applicatur,
526 269 543 283 et
552 272 581 287 per

205 297 240 308 enm
253 294 278 308 est
288 292 319 308 sibi
331 292 379 308 homo
391 292 465 308 conscius
477 296 533 307 eorum
545 296 581 312 quie

205 316 244 332 fecit
251 319 278 332 nut
286 317 348 337 operari
356 317 429 333 intendit.
434 316 460 332 Sic
468 316 515 332 etiam
522 316 581 332 dicitur

205 341 285 357 sententia
291 341 317 357 vel
325 341 405 357 dictamen
413 341 483 357 rationis.
489 341 508 357 Et
515 340 580 361 quidem

206 366 321 381 conscientiam
328 370 381 381 errare
389 365 508 386 contingit,non
517 367 582 386 propter

206 395 277 406 errorem
288 390 384 411 synderesis,
392 390 420 406 sed
431 390 502 406 rationis.

226 415 253 431 Est
268 415 322 436 itaque
337 415 429 431 differentia
444 415 483 435 legis
498 414 580 433 naturalia,

206 440 308 456 conscientiis
325 441 373 460 atque
387 439 483 460 synderesis.
499 439 538 455 Nam
556 439 581 455 lex

609 193 658 212 venit,
672 193 708 209 ideo
720 194 736 209 in
748 194 772 209 eis
784 194 867 210 dumtaxat
878 193 938 209 dicitur
949 197 984 208 esse

610 219 667 234 rnotus⁴
679 218 707 234 Est
718 220 771 234 autern
783 218 799 234 in
810 218 857 234 nohis
868 218 926 239 triplex
937 222 985 238 appe-

609 242 653 261 titus,
664 242 726 258 scilicet
737 247 740 258 :
752 243 834 262 naturalis,
845 243 873 264 qui
883 247 903 258 ex
915 241 984 258 naturali

609 267 714 288 dispositione
721 267 817 288 qualitatum
825 268 871 283 mixti
879 269 959 284 causatur,
967 268 985 282 ut

609 292 690 313 appetitus
697 292 734 308 cibi.
743 292 762 308 Et
769 292 795 308 hic
803 292 861 308 rationi
869 292 886 307 in
893 291 938 307 nullo
947 291 984 307 obc-

609 317 638 335 dit,
646 321 676 332 uec
684 319 708 333 est
716 317 731 333 in
740 322 759 333 eo
767 319 850 338 peecatum
857 321 861 332 t
869 318 934 337 propter
941 315 984 336 quod

610 341 686 362 relinquit
693 346 730 357 eum
738 341 865 362 Msgisterfflius
872 343 897 357 est
903 340 985 361 appetitus

609 365 701 384 sensitivus,
710 366 737 386 qui
748 370 768 381 ex
777 370 825 382 sensu
835 368 862 381 aut
872 365 984 386 imaginatione

610 390 687 410 procedit,
695 392 711 406 ot
718 390 745 406 hic
752 392 819 406 vocatur
828 392 881 406 motus
891 389 984 406 sensualita-

609 414 634 430 tis⁴
648 415 710 430 Tertius
722 417 746 430 est
759 415 846 432 rationalis,
859 414 887 435 qui
898 419 918 430 ex
928 418 985 435 appre-

610 439 687 455 hensione
702 439 767 455 rationis
781 439 858 457 exoritur,
873 441 889 455 et
902 440 926 454 est
940 440 985 454 actus

206 464 283 480 naturalis
291 464 330 480 dicit
338 464 373 485 ipsa
381 464 460 485 principia
468 464 519 484 1ῇιιι-ἰες
527 464 582 484 synde·
589 462 601 478 B
609 464 701 479 voluntatis.
710 464 757 480 Porro
764 463 872 484 apprehensio
881 463 947 479 rationis
956 463 985 478 du-

206 489 246 505 resis
258 493 297 504 vero
308 489 380 505 nominat
394 488 467 504 habiturn
482 489 581 506 eurumdem,

206 513 232 530 vel
245 513 333 534 potentiam
348 518 384 529 cum
399 513 455 529 habitu
470 513 582 533 conscientiam

207 538 305 554 conscientia
312 540 365 554 sutem
376 538 447 554 norninnt
457 537 581 558 applicationem

207 562 247 583 legis
260 562 337 578 naturalis
350 562 370 578 ad
385 562 458 578 iacienda
473 567 502 583 per
517 562 582 578 modum

207 587 320 603 conclusionis.
334 587 418 608 Propterea
432 586 512 602 definiunt
526 586 582 607 aliqui,

207 611 249 632 quod
264 611 363 627 conscientia
377 613 401 627 est
415 611 496 627 dictamen
511 611 582 629 rationis,

207 640 239 656 quo
254 636 317 656 judicat
332 638 348 651 et
363 636 401 656 ligat
414 635 433 651 nd
447 635 508 656 aliquid
524 635 583 651 facien-

207 660 245 676 dum
254 660 279 676 vel
287 665 319 676 non
330 660 421 676 faciendum
430 665 434 676 :
442 662 458 676 et
469 660 545 681 quoniam
557 664 583 675 ne—

208 689 234 700 mo
243 685 300 705 ligatur
307 685 326 700 ad
334 685 414 705 agendum
425 686 452 700 aut
463 684 583 702 dimittendum,

208 709 239 725 nisi
252 711 299 729 prout
311 709 395 725 actualiter
407 709 497 725 considerat
509 709 539 724 hoc
548 713 583 724 esse

208 734 294 754 agendum,
307 733 342 749 ideo
357 735 419 749 constat
431 733 473 754 quod
486 733 584 749 conscientia

610 488 647 509 plex
657 490 686 506 est,
697 488 772 504 videlicet
783 493 786 504 z
797 488 870 504 absoluta
882 490 898 504 et
909 487 985 508 simplex,

610 518 660 534 quum
673 513 726 529 statim
737 513 772 529 sine
783 513 884 529 discussione
896 512 985 533 apprehen-

610 542 646 553 surn
657 538 745 558 dijudicat:
754 539 770 553 et
780 538 828 553 talem
840 537 986 558 apprehensionem

610 562 683 583 sequitur
699 562 803 578 indeliberata
817 562 896 578 voluntas.
911 561 946 577 Alia
962 563 987 577 est

610 586 717 607 apprehensio
724 587 789 602 rationis
798 591 826 607 per
833 586 930 605 discursum,
938 590 948 602 a
955 590 987 606 qun

610 611 661 627 oritur
675 611 749 627 voluntas
763 611 855 627 deliberata⁴
871 611 916 627 Ratio
932 612 986 626 autem

611 635 677 651 inferior
688 638 756 656 utroque
768 635 816 651 modo
826 635 869 651 circa
879 637 943 651 terrena
953 639 987 650 mo-

611 662 645 676 tum
653 660 739 676 volunt-stis
747 660 821 680 producit
829 664 833 675 z
841 662 857 676 et
867 660 880 675 si
891 660 944 680 primo
954 663 987 675 mo-

611 685 636 703 do,
645 686 683 700 tunc
691 684 764 705 sequitur
772 686 825 700 motus
835 684 870 705 ejus
880 684 909 705 qui
918 684 987 700 delecta<

611 709 633 725 tio
649 709 714 728 dicitur,
732 709 770 729 quin
787 709 847 729 accipit
864 709 906 729 quod
924 708 987 729 corpori

611 733 706 749 delectabile
718 735 742 749 est
755 735 773 749 ut
786 733 926 754 prosequendum;
936 733 950 748 si
960 737 988 748 au-

209 758 273 779 proprie
284 758 356 774 nominet
367 761 425 773 sctum⁴
436 758 549 773 Verumtamen
560 757 583 773 vi-
591 756 602 772 C
612 760 644 774 tem
662 758 732 774 secundo
747 758 800 776 modo,
815 760 854 774 tunc
869 762 900 773 non
915 757 989 778 sequitur

208 783 264 798 cissim
272 783 360 803 improprie
367 783 437 798 sumitur
445 787 473 803 pro
480 787 497 798 re
504 782 583 798 conscita:

209 807 251 823 sicut
261 808 300 823 dum
310 807 333 823 ait
343 807 434 828 Apostolus,
442 807 502 823 Caritas
513 807 585 827 procedit

209 832 228 848 de
238 832 336 848 conscientia
348 832 394 847 bona.
405 832 486 848 Interdum
499 831 548 847 etiam
560 836 586 847 su-

209 857 259 873 mitur
267 861 295 877 pro
303 857 358 872 habitu
366 861 398 877 quo
408 857 445 877 quis
454 857 474 872 ad
484 856 585 872 consentiens

208 881 247 897 dum
254 881 346 902 disponitur
354 885 358 896 1
366 883 382 897 et
390 881 413 897 sie
421 881 461 897 dicit
472 881 584 899 Damascenus,

208 906 251 926 quod
259 906 357 922 conscientia
364 908 389 921 est
396 906 421 921 lex
430 905 520 921 intellectus
528 905 584 921 nostri.

208 930 306 951 Quandoque
316 930 364 946 etiam
373 930 438 951 ponitur
448 930 547 945 conscientia
556 934 585 950 pro

208 954 296 975 aynderesi,
305 956 321 970 et
331 956 391 972 contra,
400 956 465 975 propter
476 954 585 975 propinquita-

207 981 240 995 tem
249 984 297 1000 quarn
305 979 369 994 habent.
378 979 432 994 Virtus
442 983 512 999 namque
522 978 586 994 conclu-

208 1003 258 1019 sionis
267 1008 287 1019 ex
298 1003 380 1019 communi
393 1003 473 1024 principio
483 1003 557 1019 trahitur.
566 1012 586 1014 —

208 1028 280 1048 Insuper,
285 1030 318 1043 tam
324 1028 422 1043 conscientia
429 1032 477 1048 quam
482 1028 545 1046 electio,
550 1032 586 1043 oon-

611 783 692 804 appetitus
700 785 736 799 ante
743 782 881 799 deliberationem.
887 782 906 798 Et
913 782 988 803 quoniam

612 808 652 823 ratio
663 807 737 828 superior
749 812 778 828 per
788 812 805 823 se
817 811 849 823 non
861 807 928 823 inheret
938 808 989 822 terre-

612 832 642 850 nis,
651 832 678 848 sed
690 832 706 847 in
717 834 795 852 quantum
807 831 896 847 rationibus
907 831 989 852 regulatur

612 856 682 875 aeternis,
691 856 726 872 ideo
735 856 751 872 in
759 856 791 872 illis
798 860 830 872 nou
838 856 912 876 sequitur
919 860 954 871 eam
962 855 990 871 de-

613 881 681 899 lectatio,
698 881 725 897 sed
743 881 795 897 solnm
812 880 910 896 deliberatus
927 880 989 901 appeti—

612 905 737 921 tuszdeiectatiu
744 905 805 926 quippe
815 904 948 925 complacentiam
956 908 989 920 non

613 930 717 946 deliberatam
728 930 804 945 insinuat.

633 955 708 971 Praeterea
716 954 757 970 scire
765 956 833 975 oportety
841 954 883 974 quod
892 955 945 969 motus
954 958 990 969 sen-

613 979 691 995 sualitatis
699 979 727 1000 qui
739 983 778 1000 pure
790 978 870 994 naturales
881 980 924 996 sunt,
932 980 990 999 utputa

613 1009 632 1020 ex
640 1004 745 1024 dispositione
752 1003 848 1019 naturalium
856 1003 951 1023 qualitatum
956 1008 990 1018 sur-

613 1030 674 1049 gentes,
690 1028 734 1044 nullo
752 1028 798 1044 modo
813 1029 879 1049 peccata
894 1027 989 1043 consistunt.

208 1052 259 1068 clusio
267 1052 340 1073 quaedam
348 1054 373 1068 est
380 1052 481 1073 particularis
488 1052 585 1073 agendi3sed
593 1053 606 1069 D
613 1053 657 1069 Unde
670 1053 735 1073 qnidam
746 1053 807 1070 dicunt,
819 1052 862 1073 quod
874 1054 926 1068 motus
937 1052 991 1072 primo

208 1077 307 1093 conscientia
312 1079 336 1092 est
341 1077 424 1092 conclusio
431 1077 512 1097 cognitiva
516 1079 584 1095 tanturn,

208 1101 266 1117 electio
275 1103 328 1117 autem
341 1101 423 1117 conclusio
433 1101 513 1117 allectiva.

308 1158 430 1175 ABTICULUS
441 1158 485 1175 XCI.

209 1190 233 1205 De
243 1191 288 1204 motu
297 1189 409 1204 sensualitatis
416 1191 431 1204 et
439 1189 526 1209 utriusque
536 1189 585 1204 ratin-

230 1212 268 1229 φιιὶιῃ4
280 1214 295 1227 ει
307 1212 380 1231 qualiter
393 1212 410 1226 in
422 1212 528 1227 sensualitate
539 1213 554 1226 et
567 1211 585 1226 in

231 1234 295 1249 ratione
304 1234 326 1249 sit
335 1236 424 1253 peccatum.

248 1274 288 1290 UUM
295 1274 317 1290 sit
324 1276 377 1290 motus
387 1274 413 1289 via
423 1274 439 1289 in
449 1273 515 1294 aliquid,
524 1273 560 1289 ideo
570 1273 586 1289 in

255 1298 331 1320 potentiis
338 1298 402 1317 animas,
408 1300 461 1314 motus
469 1299 535 1314 vocetur
542 1298 587 1314 ineli-

212 1324 256 1340 natio
269 1324 289 1339 ad
303 1323 370 1344 aliquid.
383 1323 402 1339 Et
415 1323 491 1344 quonium
504 1323 587 1339 inclinatio

613 1077 662 1098 primi
674 1077 738 1098 culpmi
747 1081 779 1092 non
787 1076 856 1096 hnbent3
864 1077 892 1092 sed
903 1079 955 1092 motus
965 1081 990 1092 se-

613 1102 666 1118 eundo
675 1102 729 1122 primi,
738 1101 766 1122 qui
774 1101 837 1117 seilicet
846 1106 865 1117 cx
877 1101 990 1121 imaginatione

613 1128 699 1142 causantur
706 1128 722 1142 et
729 1125 783 1146 aliquo
794 1126 841 1142 modo
851 1125 909 1141 rationi
918 1126 990 1141 subdun-

613 1153 645 1170 tur,
653 1153 718 1172 peccata
730 1152 772 1169 sunt,
783 1150 811 1166 sed
822 1150 909 1169 levissima,
917 1150 958 1166 sicut
967 1150 990 1166 ait

613 1176 691 1196 Magister,
700 1175 719 1191 Et
726 1175 749 1191 sie
760 1175 776 1190 in
785 1175 888 1190 sensualitate
896 1177 920 1190 est
927 1175 990 1191 veniale

613 1202 697 1221 peccatum
704 1202 780 1220 tanquam
789 1199 805 1215 iu
812 1199 939 1220 subjecto-Licet
945 1200 989 1215 enim

614 1226 666 1240 motus
674 1224 690 1240 hi
698 1224 805 1240 sensualitatis
813 1224 870 1239 rationi
879 1228 910 1239 non
920 1224 990 1240 subdan-

615 1251 640 1265 tur
655 1249 740 1269 complete,
753 1253 805 1269 neque
820 1248 907 1264 voluntatis
921 1248 991 1269 imperio

614 1273 702 1289 secundum
711 1278 733 1291 se,
741 1273 796 1293 aliquo
803 1274 856 1288 tamen
865 1273 913 1288 modo
920 1273 993 1289 suhduw

614 1300 646 1316 tur,
658 1298 673 1313 in
685 1299 763 1319 quantum
774 1302 838 1313 causam
850 1301 906 1313 corum
917 1297 993 1314 voluntas

615 1328 644 1339 seu
652 1322 692 1338 ratio
700 1322 784 1343 prohibero
796 1322 868 1342 valebat;
876 1324 892 1338 et
902 1322 918 1338 in
928 1324 993 1338 tantum
