1083 1563
142 538 163 548 m.
168 540 196 548 mi.

143 733 173 744 sm.
183 732 196 745 ιι,

136 749 162 776 im.
168 751 197 759 un

202 114 232 131 ¹98

202 162 233 178 tia
242 162 307 178 Constat
316 163 370 183 igitur,
378 163 421 183 quod
431 163 447 178 in
458 162 577 178 irrationalibus
584 161 597 178 Α

202 191 250 207 poena
257 191 289 203 nou
297 187 361 206 dicitur,
369 192 420 208 quum
430 187 478 208 eulpa
487 187 504 203 in
514 187 537 203 eia
545 191 577 202 non

202 212 223 227 sit
234 216 287 232 neque
297 212 375 228 voluntas⁴
385 212 446 228 Divisio
457 212 501 228 enirn
511 211 549 227 mali
561 211 577 227 in

202 236 262 252 malum
276 236 327 257 eulpae
339 238 355 252 et
367 241 424 257 poenae,
437 241 468 252 non
481 238 505 252 est
519 236 578 251 divisio

201 261 238 276 mali
252 261 325 277 absolute
338 261 407 282 accepti,
419 261 447 277 sed
462 263 510 282 prout
524 260 540 276 in
555 265 578 276 ra-

202 285 288 301 tionalibus
298 286 382 306 reperitur.
390 294 411 297 —
421 286 507 301 Sciendum
517 287 541 301 est
550 290 577 301 eu-

201 312 240 328 tem,
251 310 294 331 quod
306 310 367 331 aliquid
379 310 438 326 dicitur
450 315 497 326 eausa
509 309 578 330 alicujus

201 334 293 355 dupliciter,
301 334 364 350 scilicet
373 339 376 350 :
385 335 479 353 formaliter,
488 335 529 350 sicut
535 334 578 350 alhe-

201 359 222 375 do
232 361 257 375 est
267 364 315 375 causa
325 364 361 375 esse
372 359 416 379 albi3
427 361 443 375 et
454 359 551 377 efficienter,
562 361 578 374 et

201 384 225 399 sic
232 384 308 399 dealbans
316 386 340 400 est
347 388 395 400 eausa
403 388 438 400 esse
448 383 485 399 albi.
494 384 520 399 Sic
529 384 577 399 etiam

202 408 270 429 privatio
281 408 307 424 vel
319 408 400 429 ademptio
412 408 449 424 boui
464 410 510 424 nocet
521 408 579 424 forma>

202 432 243 451 liter,
252 433 290 453 quia
300 435 324 449 est
334 433 387 453 ipsum
397 434 522 452 nocumentum3
531 432 578 453 culpa

272 119 385 132 entmunauuu
396 119 412 132 m
423 119 479 132 onom!
489 119 511 131 ΑΙ)
522 119 563 131 ”Eun
574 118 686 131 cousmenano
696 119 796 131 mmmmm,
803 123 824 126 —
831 119 866 130 Αιτ.
874 118 910 130 1:¹1¹

696 176 819 193 ARTICULUS
830 175 890 192 CXIX.

604 217 632 232 An
637 218 722 235 peccatum
730 216 823 231 omissionis
830 215 851 231 si'c
857 215 875 230 r'n
880 215 936 235 aliquo
942 216 982 229 actu

624 238 744 256 consistam-et
749 238 823 258 qualiter
830 238 849 253 in
856 237 937 252 exteriori
943 238 982 251 actu

625 262 647 276 aie
656 263 753 280 peccatumt
760 263 775 276 ει
786 263 843 276 utrum
853 262 937 279 peccatum
947 264 983 274 cor-

625 285 693 302 rumpat
698 283 781 302 potentias
787 283 853 298 animle.

639 334 661 350 ST
673 336 727 350 autem
740 334 799 355 duplex
813 334 868 355 opinio
882 334 902 349 de
916 335 982 354 peccato

646 358 743 377 omissionis,
751 363 770 374 an
781 360 854 379 oporteat
862 358 882 374 ad
892 358 945 379 ipsum
952 357 981 373 ali-

606 389 654 405 quem
662 386 716 399 actum
723 388 824 399 concurrere.
832 383 898 402 Quidam
906 382 949 398 enirn
957 382 981 398 di-

606 410 644 424 eunt
654 408 697 429 quod
708 408 731 423 sic
740 407 778 424 :vel
789 407 891 425 exteriorem,
902 409 920 422 ut
930 411 981 427 quum

606 433 642 453 quis
650 433 718 448 nimium
726 432 800 453 vigilans,
808 432 861 448 debita
869 432 908 447 hora
917 435 982 451 surgere

201 462 239 473 vero
254 457 315 473 ratione
331 459 376 473 actus
393 457 417 473 sui
432 457 507 473 effective
525 459 577 475 nocet,
585 457 597 472 B
606 458 672 478 nequit;
684 457 710 473 vel
723 457 821 475 interiorem,
834 461 862 477 per
874 461 922 477 quom
934 458 983 471 retar-

202 482 239 502 quia
247 482 313 502 gratiam
322 482 373 502 tollit3
381 484 397 498 et
405 482 472 502 privatio
483 482 545 502 passive
555 481 577 497 di-

202 508 233 525 cta,
242 510 289 527 poena
299 508 327 522 est.

223 531 304 550 Praeterea,
310 531 398 547 secundum
407 531 534 552 prminducia‚ad
544 536 578 552 pec-

202 558 254 571 catum
262 556 294 571 duo
300 556 520 577 cuncurrunt,videlicetipse
528 558 577 574 actus,

202 582 218 596 et
230 580 324 596 deformitas
336 585 365 601 per
377 585 425 601 quam
437 585 446 596 a
458 580 512 596 debito
522 580 578 596 ordine

202 605 283 620 avertitur,
296 605 339 620 Finis
351 607 405 621 autem
418 605 499 621 rationalis
511 607 577 623 naturae,

202 634 250 650 quem
258 629 340 650 theologus
351 629 446 648 considerat,
454 631 478 645 est
488 632 546 645 aeterna
556 629 578 645 fe-

202 654 259 672 licitae,
272 654 291 670 ed
307 659 355 675 quem
371 654 421 670 finem
437 659 466 670 nos
483 654 508 670 lex
523 654 578 670 divina

203 678 258 699 dirigit
270 679 314 694 velut
329 679 416 697 instruens,
428 681 445 694 et
457 679 519 698 justitia
532 681 549 694 ut
562 679 578 694 in

203 702 249 718 illum
262 703 346 718 inclinans.
359 703 450 719 Secundum
461 703 491 719 hoc
502 707 540 723 ergo
552 703 579 718 tri-

203 727 240 748 plex
251 727 317 748 ponitur
327 728 343 743 in
355 727 407 743 littera
417 727 491 743 definitio
502 727 562 748 peccati
574 732 577 743 z

606 482 652 497 datur
663 486 673 497 a
685 481 739 497 debito
751 486 799 502 opere
811 483 827 497 et
838 480 929 501 expletione
944 485 983 501 prae-

606 506 653 527 cepti*
663 506 698 522 nme
706 507 759 522 tamen
771 506 829 526 positio
837 510 868 521 non
876 505 940 521 videtur
949 505 984 521 ide-

606 535 640 546 nea⁴
655 531 707 549 Quum
720 530 763 546 enim
778 530 851 546 voluntas
863 530 883 545 ad
895 531 983 550 utrumque

606 555 716 576 oppositorum
732 554 782 570 libera
799 555 825 573 sit,
842 556 894 575 potest
909 554 983 570 omittere

606 584 656 595 unum
664 579 725 600 absque
732 579 865 595 determinatione
872 579 897 594 sui
905 579 925 594 ad
932 578 983 597 aliud,

606 605 639 620 imo
652 605 671 620 de
686 604 718 620 alio
734 604 756 620 nil
772 604 844 624 cogitans
858 608 862 619 z
876 608 913 619 nam
926 603 983 619 volun-

606 632 629 645 tas
640 631 692 650 petest
704 629 720 644 in
731 631 805 645 neutrum
815 628 932 649 oppositurum,
940 628 984 644 sicut

606 654 647 670 Deus
663 658 693 669 nec
709 654 743 669 vult
757 653 798 669 mala
813 653 855 672 fieri,
871 658 900 669 nee
915 653 949 669 vult
963 657 984 669 ea

606 683 637 694 non
649 678 690 694 fieri.
699 678 714 694 Si
725 683 763 699 orgo
773 678 847 694 voluntas
858 678 881 693 sie
891 682 909 693 se
918 677 982 696 habeat.

606 705 644 719 tunc
655 703 711 724 utique
723 704 783 723 peccat,
795 703 834 723 quia
845 707 876 718 non
890 702 928 718 facit
938 702 982 723 quod

606 728 658 743 facere
671 727 723 743 debet.
737 727 755 743 Et
768 727 807 743 illud
820 727 913 748 exemplum
925 727 945 743 de
961 727 984 742 vi—

203 752 241 772 quia
249 752 301 772 prima
308 752 359 772 tangit
365 754 418 768 actum
427 752 488 772 peceati
498 752 514 767 in
522 752 578 768 ordine
586 753 597 769 G
606 752 665 772 gilante
677 756 709 768 non
722 753 746 768 est
758 751 823 770 efficax,
836 751 874 772 quia
885 751 940 772 vigilia
955 751 984 767 illa

203 776 222 792 ed
236 776 341 792 instrumenta
355 776 414 797 quibus
427 778 516 795 exercetur,
527 781 577 797 quum

202 801 267 819 dicitur,
275 801 358 817 Peccatum
366 803 391 817 ost
401 801 467 819 factum,
475 801 501 817 vel
510 801 577 820 dictum,

202 826 227 841 vel
239 826 343 846 concupitum
355 828 410 841 eontra
422 826 473 846 legem
484 826 517 842 Dei.
526 826 543 841 ln
554 831 578 842 se-

202 850 254 866 eunda
265 850 335 870 tangitur
346 850 437 870 subjeetum
449 852 494 866 actus
504 855 523 866 ex
533 853 578 871 parte

201 874 266 895 objecti,
279 879 329 895 quum
342 875 406 893 dicitur,
419 875 502 891 Peccatum
515 877 539 891 est
552 879 578 891 vo-

202 900 254 915 luntas
262 899 341 915 retinendi
349 899 374 915 vel
382 899 491 920 consequendi
501 899 544 920 quod
553 900 578 920 ju-

201 924 245 940 stitia
256 926 299 940 vetat
311 925 340 940 :et
354 924 424 939 sumitur
438 924 465 940 bic
478 924 540 944 justitia
554 929 578 940 se-

201 949 272 964 cundum
280 948 323 969 quod
331 950 355 964 est
360 948 439 968 generalis
446 949 524 964 virtuan
532 949 579 964 tertia

202 977 240 989 vero
251 973 315 993 ponitur
325 973 341 989 id
351 973 394 993 quod
404 974 428 989 est
438 973 553 993 completivum
563 975 579 989 et

202 997 269 1013 formale
284 998 300 1013 in
315 999 386 1018 peccate,
399 997 461 1013 scilicet
474 997 541 1018 privatio
556 998 579 1013 di-

203 1022 269 1042 rigentis
277 1022 293 1037 in
302 1022 358 1040 finem,
366 1027 417 1043 quum
425 1022 489 1041 dicitur,
494 1022 578 1038 Peccatum

606 781 638 793 nou
650 778 674 793 est
687 781 715 797 per
728 781 745 792 se
757 781 805 792 causa
817 776 939 792 obdormitionis
952 776 984 792 illi-

606 801 647 819 citas,
655 801 683 817 sed
694 806 723 822 per
733 801 808 817 accidens
818 805 822 817 ε
833 801 871 821 quia
883 805 911 822 per
922 806 939 817 se
950 805 984 817 non

606 828 630 841 est
642 826 720 841 contraria
733 827 817 846 praecepto.
829 826 874 841 Unde
886 825 917 841 alia
927 825 985 846 opinio

605 850 658 871 aptior
664 852 694 869 est,
702 855 738 871 quoe
747 850 786 866 dicit
796 852 880 871 peecatum
891 850 985 866 omissionis

606 875 622 891 in
634 875 667 891 sola
677 875 760 895 negatione
770 875 820 891 debiti
832 877 877 891 actua
888 875 983 891 consistere.

606 899 625 915 Et
636 900 713 920 quoniam
726 899 799 920 opposita
812 899 828 915 in
841 899 884 915 idem
896 904 947 920 genus
959 904 984 915 re-

606 924 693 942 ducuntur,
701 924 737 939 ideo
749 924 791 939 sicut
800 926 845 939 actus
855 924 933 939 rationem
946 928 984 944 pec«

606 948 636 964 eati
649 951 665 964 et
677 948 729 969 culpie
740 948 789 964 habet
801 948 817 964 in
830 950 907 969 quantum
919 950 944 964 est
957 953 984 964 vo-

606 972 691 991 luntarius,
707 973 730 988 sic
745 975 760 988 et
775 973 841 988 omissio
857 973 943 993 culpabilis
959 975 985 989 est

606 997 644 1018 quia
651 997 746 1013 voluntaria.
752 997 830 1018 Denique.
835 997 910 1018 quoniam
918 997 984 1013 habitus

606 1024 622 1037 et
635 1022 703 1042 privatio
715 1022 731 1038 in
744 1022 800 1037 eodem
810 1026 869 1042 genere
879 1024 916 1037 runt
925 1022 984 1038 saltem

203 1048 227 1062 ast
239 1046 349 1067 pravaricatio
360 1047 399 1067 legis
410 1047 478 1067 divinam
490 1049 505 1063 et
517 1047 578 1063 deordi-
586 1048 599 1064 D
608 1051 636 1067 per
646 1046 761 1065 reductionem,
770 1046 806 1062 ideo
816 1047 832 1062 in
842 1047 936 1062 definitione
946 1051 985 1067 pee-

203 1071 247 1086 natio
256 1075 265 1086 a
275 1071 314 1090 fine,
322 1076 373 1092 quum
383 1071 452 1090 additur,
461 1071 480 1087 Et
489 1072 579 1087 eoelestium

203 1095 312 1111 inobedientia
324 1096 440 1111 mandatorum.
452 1096 478 1112 11ae
489 1098 543 1112 autem
554 1096 579 1112 de-

202 1120 286 1136 finitiones
293 1124 324 1136 uon
333 1120 362 1136 uisi
371 1122 437 1141 peccato
447 1120 505 1136 actuali
516 1121 579 1136 mortali

202 1145 306 1163 conveniunt,
319 1144 357 1165 quia
371 1145 401 1160 boe
416 1144 487 1165 perfecte
501 1145 578 1160 rationein

202 1169 264 1189 peccati
276 1169 328 1185 habet.
339 1169 422 1185 Peccatum
433 1173 470 1185 vero
480 1169 542 1185 veniale
553 1169 579 1185 do-

202 1193 238 1209 fieit
245 1198 254 1209 a
262 1193 308 1214 plena
317 1194 377 1209 ratione
385 1193 452 1214 peccati,
460 1193 536 1214 quoniam
547 1198 579 1209 non

203 1218 267 1239 penitus
275 1223 284 1233 a
291 1218 322 1234 fine
332 1218 421 1236 deordinat,
429 1218 457 1234 sed
467 1218 521 1239 aliquo
532 1219 579 1234 medo

203 1242 276 1258 retardat.
285 1242 368 1258 Peccatum
378 1247 443 1263 quoque
453 1242 531 1263 originale
543 1243 579 1264 plus

202 1272 212 1282 a
219 1267 280 1283 ratione
288 1267 349 1288 peccati
357 1267 410 1285 distat,
418 1267 456 1288 quin
465 1271 496 1283 non
506 1268 579 1283 oonsistit

203 1292 220 1307 in
231 1293 267 1307 actu
277 1291 313 1312 ejus
325 1291 352 1312 qui
366 1291 401 1312 ipso
412 1291 489 1310 inficitur,
501 1292 528 1308 sed
541 1296 578 1308 cum

203 1318 260 1332 natura
269 1316 392 1332 transfunditur,

607 1071 637 1087 cati
649 1071 753 1092 praeindueta,
762 1071 778 1087 in
788 1071 831 1087 dieto
841 1073 857 1087 et
867 1071 909 1087 facto
917 1076 936 1087 ac
945 1076 985 1087 con—

607 1096 661 1116 cupito
676 1096 765 1111 includitur
776 1096 843 1111 omissio
857 1096 902 1114 dicti,
914 1096 952 1112 facti
968 1098 985 1112 et

606 1120 694 1141 concupiti.
707 1120 751 1136 L'nde
763 1122 780 1136 et
792 1122 876 1141 peccatum
891 1120 985 1137 omissionis

606 1147 630 1161 est
642 1145 703 1161 actuale
716 1147 806 1165 peccatum,
817 1149 849 1161 non
862 1145 907 1166 quasi
919 1145 935 1161 in
945 1148 984 1161 actu

607 1169 697 1188 fundatum,
710 1170 738 1185 sed
750 1169 795 1190 quasi
809 1170 828 1185 ad
841 1169 884 1185 idem
896 1174 947 1190 genus
960 1175 985 1186 r&

606 1194 678 1210 ductum,
685 1203 703 1205 —
712 1194 793 1213 Proeterea,
801 1194 867 1211 omissio
875 1199 907 1210 uon
914 1197 937 1210 est
945 1200 983 1216 pec-

606 1221 659 1234 catum
669 1219 701 1234 nisi
711 1219 800 1234 secundum
809 1219 852 1239 quod
864 1219 894 1235 suh
902 1222 984 1240 praeccpto

606 1243 704 1259 affirmativo
716 1243 762 1259 eadit⁴
776 1243 874 1264 Pmeeptum
886 1248 923 1259 vero
937 1244 983 1260 affir-

606 1268 684 1283 mativum
695 1268 755 1288 obligat
762 1272 830 1288 semper,
839 1268 866 1284 sed
874 1273 906 1284 non
913 1268 933 1284 ad
941 1273 984 1284 sem*

606 1297 640 1313 per,
650 1292 678 1308 sed
688 1292 707 1308 ad
719 1292 842 1308 determinatum
854 1294 918 1314 tempus
930 1297 933 1309 :
945 1293 983 1310 ideo

605 1317 671 1333 omissio
683 1321 715 1333 non
728 1319 751 1333 est
765 1319 850 1338 peceatum
864 1317 895 1333 nisi
909 1322 939 1338 pro
953 1318 983 1334 illo
