1083 1563
139 232 154 243 ue
161 232 196 243 mua.

129 250 159 259 ιιοιι,
163 251 173 259 e.
180 251 195 259 n.

204 107 233 124 104

203 155 246 176 quod
261 160 280 171 ex
292 155 337 172 nullo
349 158 378 174 est,
391 158 416 171 ost
427 157 464 171 nata
475 155 550 174 deiicere,
563 157 579 171 et

203 179 223 195 fit
230 180 350 196 accidentaliter
357 185 405 196 causa
415 180 458 196 mali.
467 180 524 196 Nullus
534 179 578 195 enim

203 204 291 225 respiciens
305 205 324 221 ad
339 205 405 224 malurn,
420 206 495 225 operatur
511 204 577 223 malum,

203 229 292 245 secundum
300 229 399 250 Dionysium.

222 254 290 275 Insuper
302 256 350 275 patet,
363 254 406 275 quod
420 258 502 270 summum
517 253 577 269 malum

202 283 234 295 non
246 279 333 299 opponitur
345 283 408 295 summo
420 278 467 297 bono,
478 278 509 294 nisi
522 283 578 294 seeun-

201 303 240 319 dum
247 308 304 319 vocem
312 303 442 319 dumtaxautum
450 303 488 324 quia
495 307 577 318 summurn

201 328 262 343 malum
272 332 308 343 esse
318 332 350 344 nou
363 330 425 348 potest;
433 329 467 343 turn
475 327 518 348 quia,
526 332 577 348 quum

201 357 283 368 summum
298 352 359 368 bonum
374 357 404 368 nec
416 352 475 368 auferri
488 354 536 372 queat
547 356 577 367 nec

201 376 259 395 minui,
272 377 312 392 nihil
326 377 340 392 ei
356 377 443 397 opponitur
457 376 536 392 contrarie
550 378 578 392 aut

200 401 279 422 privative
292 406 296 416 z
309 401 351 417 unde
366 406 395 417 nec
408 401 504 421 particulare
516 400 576 416 malum

200 425 215 441 ei
224 425 284 441 directe
292 426 384 446 opponitur,
393 426 420 441 sed
428 425 520 446 particulari
528 425 576 441 alicui

201 450 249 469 bono,
257 450 300 470 quod
312 455 340 471 per
351 450 404 471 ipsum
416 450 492 471 privatur.

221 475 358 491 Considerandum
370 477 394 490 est
405 479 475 495 quoquey
486 475 528 495 quod
540 474 577 490 licet

201 503 226 515 res
234 501 297 517 create,
306 499 389 515 contrariae
399 499 431 514 sint
442 499 529 514 secundum
541 503 576 519 pro-

201 523 252 539 ximos
271 523 312 539 fines
329 525 377 544 atque
394 523 468 542 eftectus,
486 524 502 539 in
520 523 577 539 ultimo

201 550 254 564 tamen
262 550 279 564 et
287 548 371 569 principali
382 548 416 564 fine
427 548 528 566 concordant,
539 553 576 564 nam

201 574 288 593 utrumque
304 572 360 588 horum
375 572 425 593 exigit
439 573 478 588 ordo
492 577 546 588 rerum
561 575 577 589 et

201 597 265 618 propria
278 599 333 613 natura
345 597 444 617 singulorum
457 601 461 613 1
473 597 576 617 quemadmo-

200 622 239 637 dum
258 621 338 637 elementa
355 622 443 637 secundum
462 626 479 637 se
497 622 576 638 contraria

200 648 243 664 suut,
257 646 273 661 in
288 646 402 662 constitutione
414 648 467 662 tamen
480 646 526 661 mixti
538 651 575 662 con-

200 670 272 689 eon-dant,
283 672 299 686 et
310 670 329 686 ad
340 670 447 691 oequalitatem
460 670 547 687 harmoniae
559 671 575 686 in

201 694 236 715 ipso
246 696 350 711 concurrunt,

311 771 433 788 ARTIGULUS
445 771 467 787 11.

212 811 237 826 De
247 810 356 829 possibilitate
367 812 382 825 et
394 810 459 825 rativne
470 810 564 826 creationis.

235 865 248 881 Ι)
258 865 334 881 rationem
346 867 399 881 autern
412 866 497 882 creationis
508 866 540 882 duo
553 871 576 882 re-

242 890 334 911 quii-untur⁴
349 890 407 909 Primo,
421 892 439 906 ut
450 895 470 906 ex
483 893 527 911 parte
540 891 576 911 ejus

200 915 243 935 quod
255 914 355 935 producitur,
368 915 408 930 nihil
421 917 534 936 praesupponat
546 920 549 931 :
560 917 576 931 et

201 944 229 960 per
236 939 267 955 hoc
274 939 330 955 differt
337 939 397 955 creatio
404 944 413 955 a
420 940 523 960 generatione
531 941 576 955 natu<

200 964 229 980 rali
237 966 253 979 ct
260 963 305 979 omni
314 964 401 980 mutatione
412 964 483 985 physica.
492 964 576 980 Generatio

200 989 243 1004 enim
252 988 319 1009 requirit
327 988 409 1004 materiam
416 993 420 1008 ς
428 990 445 1004 et
454 988 531 1007 alteratio,
540 989 576 1004 sub-

199 1014 260 1034 jeetum
271 1013 286 1029 in
299 1015 341 1029 actu.
352 1013 382 1029 Sed
395 1013 480 1029 creationis
492 1013 576 1029 causalitas

199 1038 219 1054 ad
236 1039 286 1054 totam
303 1037 326 1053 rei
343 1037 449 1053 substantiam
467 1042 484 1053 se
498 1038 575 1054 extendit.

199 1062 273 1079 Secundo
285 1062 374 1083 requiritur
385 1064 403 1077 ut
415 1062 431 1078 in
443 1067 460 1078 re
473 1064 530 1081 creata,
544 1067 575 1079 non

199 1092 234 1103 esse
242 1087 310 1102 naturali
318 1087 374 1102 ordine
385 1087 464 1107 prasoedat
471 1091 506 1103 esse
514 1089 540 1103 :et
548 1092 576 1108 per

199 1112 230 1128 hoc
240 1111 296 1127 differt
306 1111 365 1127 creatio
376 1116 385 1127 a
396 1111 499 1132 generatione
510 1114 574 1128 lenem..

199 1137 217 1152 lu
228 1136 299 1152 increato
309 1136 358 1154 enirn,
369 1141 401 1152 uon
412 1141 447 1152 esse
458 1141 490 1152 non
500 1137 576 1157 praecedit

199 1165 238 1177 esse.
250 1160 284 1176 Dici
294 1160 355 1181 quippe
365 1165 397 1176 non
407 1162 464 1181 potest,
472 1161 514 1182 quod
526 1161 575 1177 Filius
589 1164 591 1166 “

199 1185 227 1201 Dei
239 1185 253 1201 si
265 1184 296 1200 sibi
306 1184 411 1205 relinquatur,
422 1189 454 1200 non
464 1185 522 1201 habeat
533 1190 574 1204 esse,

199 1214 249 1231 quum
262 1209 330 1230 recipiat
338 1209 354 1225 id
364 1209 417 1230 ipsum
428 1214 463 1225 esso
472 1210 515 1230 quod
525 1210 574 1226 Patris

198 1236 228 1253 est,
236 1234 279 1254 quod
289 1235 313 1249 est
322 1238 357 1249 esse
367 1233 458 1250 absolutura
468 1239 487 1250 ac
497 1234 573 1255 indepen-

197 1259 242 1274 dens.
256 1258 281 1274 Sic
296 1258 350 1279 itaque
362 1258 382 1274 de
394 1258 474 1274 creatione
487 1259 572 1279 loquendo,

197 1283 245 1299 etiam
257 1287 267 1298 a
279 1283 380 1304 philosophis
392 1287 468 1299 concessa
479 1285 509 1302 est,
522 1286 538 1299 et
550 1289 573 1300 ra-

196 1308 240 1324 tione
247 1307 352 1324 demonstrari
362 1309 419 1328 potest.
428 1308 445 1324 ln
456 1308 499 1324 omni
511 1309 570 1325 etenim

267 112 380 125 mammaea
391 113 407 124 11(
417 112 473 125 URDUOE
484 112 505 124 Au
516 112 557 124 uzu!
567 111 678 124 consumunt)
687 112 787 124 noemma.
795 116 815 119 —
822 112 857 124 ΛΜ.
869 112 886 127 ΙΙ,
897 112 914 124 ΙΙΙ

586 155 599 171 Δ
606 160 670 175 genere,
681 155 724 176 quod
736 155 852 176 iuoornpletum
864 157 889 171 est
900 157 916 171 et
928 155 981 171 mino<

606 182 657 195 ratum
673 185 682 195 a
698 180 797 201 plenitudine
815 180 919 201 pei-lectionis
936 179 982 195 iilius

605 205 674 225 generis,
686 209 752 221 necesse
763 207 788 221 est
799 205 838 221 oriri
850 210 860 221 a
871 205 924 226 primo
936 204 982 220 illius

605 229 671 248 ordinis,
684 229 726 250 quod
741 229 807 250 plenum
820 231 844 245 est
856 229 872 245 iu
884 229 941 245 ordine
953 228 982 244 illo

605 255 653 274 atque
660 253 750 274 perrectum
758 258 762 269 τ
770 254 812 270 sicut
819 254 862 270 calor
871 255 895 270 cst
904 253 920 269 in
931 253 981 269 rebus

605 278 625 294 ab
640 279 682 299 igno,
694 281 710 294 et
722 278 777 294 lumen
789 284 798 294 a
810 279 849 295 sole.
862 278 901 297 Ouia
913 282 951 299 argo
963 278 980 294 in

605 303 649 319 omni
666 305 703 319 ento
720 305 756 324 post
770 303 846 324 primurn,
861 305 886 319 eat
902 302 981 319 admixtio

604 329 650 343 actus
659 329 675 343 et
686 327 766 348 potentias,
777 332 842 344 necesse
854 329 878 343 est
889 329 907 343 ut
918 332 927 343 a
939 331 980 348 puro

604 354 641 367 actu
652 354 720 368 emanet>
729 352 806 373 Denique,
814 357 862 373 agens
873 356 938 372 semper
946 351 980 372 agit

604 377 693 392 secundum
701 377 743 397 quod
752 377 767 392 in
775 379 812 392 actu
820 379 849 393 est,
860 377 890 393 Sed
901 376 944 397 quod
955 378 981 392 est

605 401 662 421 partim
670 401 687 417 in
694 403 730 417 actu
738 403 754 417 et
764 401 821 422 partim
832 401 848 417 in
859 401 935 422 potentia,
943 405 981 421 pro-

604 425 649 441 ducit
657 430 690 441 rem
700 426 789 441 secundum
800 425 861 446 aliquid
873 427 941 443 tantum,
949 425 980 441 son

585 450 647 466 Binarn
662 450 724 466 seilicet
738 450 834 469 inducendo,
846 452 873 466 aut
888 450 980 470 subjeetum

604 475 730 491 transmutando.
743 475 775 490 Deo
790 475 844 495 igitur,
856 475 884 495 qui
898 476 923 490 est
934 476 980 490 actus

604 499 679 520 potentiae
694 499 812 520 impermixtus,
828 499 910 520 proprium
925 501 950 515 est
961 500 979 514 ut

604 528 637 539 rem
646 526 695 539 totam
705 524 772 542 efficiat,
780 526 837 545 utputa
846 523 924 545 quidquid
935 524 951 539 in
962 528 979 539 re

604 550 628 564 est
639 548 733 569 producens.

624 573 640 588 Si
652 575 705 589 autern
717 573 816 594 accipiamus
827 573 892 589 tertium
904 575 978 593 oportere

603 598 623 613 ad
634 597 711 613 rationem
723 598 815 616 creationis,
826 600 843 613 ut
855 597 917 613 scilicet
929 597 978 613 etiarn

603 622 687 637 duratione
694 627 719 637 res
726 624 779 637 creata
786 622 831 642 prius
842 626 873 637 non
884 626 920 638 esse
929 626 978 642 quam

603 651 638 662 esse
649 646 711 665 habeat,
722 646 746 662 sic
757 647 816 662 creatio
828 646 933 662 demonstrari
946 650 978 662 non

603 673 661 691 potest,
669 671 696 686 sed
708 675 736 691 per
747 671 796 687 fidem
807 671 909 692 supponitur.

623 695 651 710 Est
666 697 720 710 autem
734 695 760 715 (ut
775 695 857 711 Avioenna
872 695 902 715 ait)
918 695 979 716 duplex

603 724 651 740 agens
665 724 669 735 z
682 719 762 740 quoddam
773 719 851 738 naturale,
863 719 939 735 videlicet
948 724 980 740 per

584 744 595 760 C
604 745 664 760 motum
678 748 756 764 operans3
768 745 784 759 et
794 744 839 759 aliud
849 744 929 762 divinum,
942 744 979 759 sine

603 770 647 784 rnotu
655 773 689 784 rem
697 768 790 784 causans.lu
798 768 861 784 actione
868 768 922 789 itaque
929 768 978 789 primi

602 793 669 813 agentis,
680 793 739 814 duplex
751 793 822 813 potentia
832 793 902 813 exigitur
911 797 915 809 :
924 793 978 808 activa

602 822 621 833 ex
637 819 681 838 parte
695 822 752 836 causas,
765 819 780 833 et
795 817 858 838 passiva
873 817 889 833 iu
903 817 979 837 subjecto

603 842 701 858 mutationis*
706 842 723 858 Ιιι
731 842 824 863 operatione
831 846 869 858 vero
876 842 927 858 divini
934 844 979 858 acto-

603 866 630 885 ris,
638 866 701 882 sufficit
711 867 763 882 activa
774 867 849 887 potentia.

622 891 741 907 Advertendum
747 891 852 912 autem,quod
860 891 919 907 creatio
927 891 980 907 active

603 916 650 934 dicta,
663 915 680 931 in
695 915 768 931 Creatore
783 918 812 934 ost,
825 918 842 931 et
853 918 878 931 est
890 916 924 937 ipse
936 916 979 932 Deus

603 945 663 956 creans.
672 940 689 955 ln
698 940 730 956 Deo
738 945 807 961 namque
815 945 847 956 non
855 940 911 956 diflert
918 941 959 956 actio
969 945 980 956 ι

603 967 664 980 natura.
676 964 738 981 Creatio
748 969 787 980 vero
799 965 867 985 passiva,
879 965 895 980 iu
906 967 979 981 ereatura

603 991 632 1007 est,
640 991 656 1005 et
663 991 687 1005 est
694 989 774 1010 quoddam
785 989 865 1008 accidens,
873 990 978 1010 nominatque

603 1013 696 1029 relationem
706 1014 725 1029 ad
733 1014 828 1033 Creatorem,
837 1016 853 1030 et
860 1016 884 1030 est
894 1014 910 1030 in
920 1015 977 1035 pradi-

583 1038 595 1054 D
603 1040 676 1054 cemento
685 1039 707 1053 ad
714 1039 786 1059 aliquid,
798 1040 814 1054 et
824 1039 928 1060 consequitur
939 1039 978 1055 acti-

602 1067 650 1079 onem
661 1063 735 1081 creantis,
746 1063 773 1084 qui
785 1063 833 1079 sirnul
845 1065 869 1079 est
881 1068 928 1079 cansa
939 1064 977 1080 sub-

602 1087 670 1106 stantiae,
683 1089 699 1103 et
710 1087 796 1106 relationis,
807 1090 823 1103 et
833 1088 925 1104 accidentis.

706 1167 829 1184 ARTICULUS
840 1168 871 1184 111.

644 1207 672 1222 An
684 1206 715 1221 soli
726 1207 759 1222 Deo
770 1207 857 1222 convenia!
869 1208 936 1223 creatio.

602 1259 771 1309 QUEMADMODUM
785 1260 819 1280 jam
834 1262 894 1276 tactum
911 1263 941 1279 est,
956 1261 975 1277 de

643 1284 703 1300 ratione
715 1284 800 1300 creationis
811 1286 841 1304 est,
853 1287 871 1300 ut
882 1285 923 1301 nihil
935 1291 975 1307 prae-

599 1311 684 1330 supponat,
699 1314 728 1325 seu
742 1309 783 1325 nihil
797 1309 811 1325 ei
824 1310 928 1330 praeexaistat.
940 1310 973 1327 Hoc
996 1323 998 1325 .
