1083 1563
205 118 225 134 ss
391 123 412 135 nu
422 123 484 135 narona
494 123 554 134 mnam
564 123 583 134 ΕΤ
594 123 629 134 v-ii
640 123 670 135 nni.
682 127 702 130 —
712 123 747 134 mr.
758 123 796 135 xxvi

205 170 223 182 ω
230 165 353 186 comprehendit
362 166 407 187 quasi
415 165 480 181 divinus
488 165 579 181 intellectus
586 165 599 181 Α
606 165 649 181 hunc
660 165 716 186 replet.
725 165 744 181 Et
754 165 795 181 sicut
806 166 861 182 divina
871 166 942 187 potentin
951 171 982 182 nec

205 191 226 206 sit
236 190 297 211 aliquid
305 190 325 206 ab
334 191 403 206 essentia
414 190 468 206 divina
479 190 578 209 distinctum,

205 215 250 231 illnm
262 215 279 230 in
291 219 308 231 se
322 215 402 236 recipiens
417 217 433 230 et
446 215 488 230 intro
502 214 579 230 terminos

205 244 242 255 snos
250 239 347 256 concludens
354 244 373 255 ao
383 239 459 255 retinens⁴
467 239 516 258 Unde,
524 244 580 260 quem-

205 264 291 280 admodum
308 264 342 280 istae
359 264 482 285 propositiones,
497 264 539 280 neus
555 266 580 280 est

205 289 237 305 sibi
249 289 280 309 ipsi
292 294 340 305 cause
352 291 368 305 et
380 289 420 305 rotio
432 289 524 308 exsistendi,
537 289 579 305 Deus

204 315 229 329 est
239 314 255 329 in
265 318 282 329 se
293 313 334 334 ipso,
342 315 389 334 atque
400 313 498 332 consimiles,
507 313 580 334 negative

205 340 243 353 sunt
255 338 358 358 exponendae,
367 340 384 354 ut
394 338 415 354 sit
426 343 483 354 sensus
492 342 495 354 :
504 338 546 354 Deus
556 340 580 353 est

205 362 236 378 sibi
249 362 280 383 ipsi
291 367 339 378 eausa
351 362 420 380 essendi,
431 362 456 378 vel
469 367 516 378 causa
528 362 581 383 prima

205 387 270 403 exhibet
277 387 309 403 sibi
317 387 347 408 ipsi
358 387 440 406 exsistere,
449 387 464 403 id
474 388 504 405 est,
512 391 544 403 uon
554 387 581 402 ha-

205 411 233 427 bet
243 416 279 427 esse
289 411 309 427 nb
318 411 349 427 alia
359 416 406 427 causa
413 416 417 431 ς
425 413 441 427 et
451 411 492 427 Deus
502 414 526 427 est
536 411 553 427 in
564 416 581 427 ss

205 436 246 456 ipso,
261 436 277 451 id
292 438 322 454 est,
337 440 369 452 non
383 436 474 452 continetur
490 435 510 451 ab
526 436 581 456 aliquo

606 190 645 206 l'ecit
655 195 685 206 nec
696 190 748 206 facere
759 192 811 211 potest
821 192 870 209 tanin,
878 190 917 211 quin
929 190 982 206 facere

606 215 658 230 valeat
665 214 743 231 insinities
752 215 808 236 plui-³3
816 215 839 230 sic
849 215 904 231 divina
913 215 981 231 essentia

606 243 636 255 nec
644 241 668 255 est
675 244 705 255 nec
712 244 748 255 esse
755 241 808 260 potest
815 239 831 255 in
839 241 863 255 tot
870 239 982 260 eniibus,quin

607 268 642 280 esse
654 266 702 285 queat
715 264 730 280 in
744 264 822 280 infinitiva
835 264 912 285 pluribus.
923 264 984 285 Nequa-

607 293 653 309 quam
668 289 711 304 enim
724 289 823 310 opinandum
838 291 863 305 est
877 289 920 310 quod
935 289 983 307 Dens,

607 315 685 334 quantum
696 313 716 329 ad
727 318 773 329 suom
785 315 858 329 naturam
871 314 946 334 pertinet,
956 313 984 329 ali-

607 342 656 358 quam
663 338 739 354 sortiatur
746 338 771 354 vel
779 338 836 354 lubeat
843 338 955 354 hebitudinem
964 338 983 354 ed

608 362 659 378 locum
668 362 693 378 vel
701 364 770 383 tempus,
778 365 806 378 out
815 365 858 379 certe
865 363 983 379 determinatio-

608 391 645 403 nem
656 387 676 402 ad
686 387 729 403 huno
742 387 820 403 mundum
832 387 857 403 vel
870 387 983 408 quodcumque

608 413 679 427 creatum
689 416 692 427 z
701 411 733 428 imo
744 411 809 427 infinita
819 412 915 428 celsitudine
926 414 983 427 cuncta

608 436 711 452 transcendit⁴
721 436 787 455 ideirco,
795 437 807 452 si
819 436 944 452 innumerabiles
955 441 983 452 seu

205 460 237 476 alio
247 465 251 476 z
261 460 285 476 sic
296 461 326 476 ista
337 461 401 479 locutio,
410 461 450 476 Deus
460 461 581 481 comprehendit
589 460 600 476 B
610 460 668 476 infiniti
678 461 733 476 mundi
744 461 855 479 consisterent,
863 461 946 477 universos
956 465 983 481 pe-

206 490 223 501 se
235 485 294 506 ipsum,
305 485 378 506 negative
388 485 479 506 exponitur,
490 485 505 501 id
518 487 548 503 est,
558 485 581 501 nil

207 510 232 525 sui
239 514 285 525 suam
293 510 400 530 cognitionem
409 510 466 526 evadit.
475 509 582 526 eonformiter

207 534 242 553 ista,
251 534 292 550 Deus
300 536 324 550 est
331 534 362 550 sibi
370 534 400 555 ipsi
409 535 470 553 linitus,
478 534 582 555 intelligenda

207 561 231 575 est
248 559 336 575 secundum
354 559 477 575 similitudinem
495 559 581 580 quamdam

207 583 315 604 proportionis
324 588 327 599 z
336 583 359 599 sic
367 584 411 600 enim
418 588 435 599 se
443 583 490 599 habet
497 584 539 599 Deus
549 588 581 599 non

207 608 298 624 excedendo
310 608 393 629 proprium
409 608 514 626 intellectum,
526 613 582 629 quem-

206 632 292 648 admodum
305 632 353 649 habet
364 637 382 648 se
393 633 459 653 aliquod
472 632 537 648 finitum
549 637 582 648 non

207 657 333 673 transcendendo
344 657 448 678 capacitatem
460 657 550 673 intellectus
563 657 581 673 l'i-

207 682 242 697 niti.
255 682 290 697 Non
304 684 358 698 autem
372 684 396 698 est
411 682 453 698 Deus
468 682 499 698 sibi
514 682 545 702 ipsi
560 682 581 698 ito

207 706 265 722 finitus
279 706 324 727 quasi
342 706 421 727 intelligat
436 711 453 722 se
467 711 502 722 esse
516 706 581 727 aliquod

208 730 268 746 bonum
281 730 345 746 finitum
358 735 361 746 :
372 731 405 747 imo
417 733 495 751 quantum
507 731 526 746 ad
538 731 581 746 hunc

609 487 684 504 netroret,
692 485 761 506 repleret
768 487 784 501 et
792 486 885 501 contineret.
892 486 926 502 Non
935 485 984 506 igitur

609 510 660 530 magis
667 510 745 530 competit
752 510 784 526 Deo
791 515 827 526 esse
834 510 850 526 in
858 510 898 526 coelo
908 514 984 531 empyreo

609 539 656 555 quun
664 534 680 550 in
689 534 757 553 inferno,
762 535 787 550 vel
795 535 811 550 in
820 535 877 551 mundo
884 539 932 555 quam
940 536 985 550 extra

610 559 694 577 mundum,
703 559 734 574 nisi
741 559 818 579 quonium
826 559 877 579 magis
884 561 959 580 operatur
968 561 984 574 et

609 583 679 599 ostendit
692 585 741 604 atque
758 584 867 599 communicat
881 588 897 599 se
912 584 928 599 in
943 583 984 599 coelo

609 612 657 628 quarn
671 608 687 623 in
699 608 767 626 inferno,
778 610 794 624 et
806 608 823 624 in
835 608 895 624 mundo
907 613 955 629 quam
968 608 983 623 in

609 632 665 648 nihilo.
677 632 721 648 L'nde
733 633 869 653 quemadmodum
879 637 915 649 esse
925 633 984 648 divinae

609 658 675 675 naturae,
688 657 730 677 quod
743 657 759 673 in
773 657 855 673 infinitum
867 657 911 673 omni
926 657 983 678 spiritu

609 683 662 697 creato
673 683 725 697 exstat
736 682 832 703 simplicius,
845 687 877 698 non
891 682 985 698 nobilitatur

609 711 661 726 neque
670 706 754 726 perlinitur
761 706 799 727 quia
806 708 831 722 est
841 706 857 722 in
866 706 915 722 rebus
926 706 984 726 dignis-

609 730 660 749 simis,
675 731 698 746 sic
713 735 766 751 neque
780 730 853 746 inficitur
867 735 896 747 nec
911 730 985 751 ignobili-

208 759 279 774 sensnm,
299 757 324 771 est
341 755 372 771 sibi
392 755 423 776 ipsi
444 755 524 774 infinitus,
544 756 582 776 quia
590 756 601 772 C
610 757 652 770 tatur
659 755 698 776 quia
705 757 729 771 est
737 755 753 771 in
761 755 809 771 rebus
820 755 904 771 vilissimis
912 760 916 771 2
924 755 985 776 quippe

207 784 245 796 vere
257 780 338 800 cognoscit
349 785 366 796 se
378 785 413 796 esse
425 780 514 799 infinitum,
527 782 543 796 et
552 780 582 796 hoe

208 805 290 825 cognoscit
297 805 361 821 infinito
370 805 458 823 intellectu,
466 810 503 821 cuin
510 805 582 821 claritate

208 834 273 850 prorsus
281 829 401 845 immensa.Non
410 832 463 845 nutem
471 831 494 845 est
502 830 544 845 Deus
551 830 582 845 sibi

208 853 283 870 infinitus
290 856 365 874 tanquam
373 854 434 875 nliquid
444 854 479 874 ejus
489 854 546 870 evadat
555 856 583 870 aut

208 878 255 894 lateat
266 878 317 899 ipsius
328 878 409 894 intuitum.

296 944 418 961 ARTICULUS
429 944 492 961 XXVI.

216 978 262 1001 ouoqz
272 978 374 993 immensitas
384 978 416 993 Dei
427 980 499 997 quatuor
509 978 581 997 respicit,

239 1027 360 1043 ONSlDERARE
366 1027 432 1047 insuper
439 1031 524 1047 possumus
532 1027 582 1042 Deum

610 784 660 800 quum
668 779 690 795 nil
699 779 753 800 ipsum
761 780 843 800 contingat
853 784 954 801 corporeum,
962 779 984 795 nil

610 804 684 825 inquinet
698 805 773 820 vitiosum
788 805 822 820 sive
837 805 944 820 immundum.
957 804 985 820 Ve-

610 831 700 844 rumtamen
713 834 758 845 mens
770 829 911 850 imaginationibus
924 829 985 845 involu-

610 855 631 872 ta,
647 858 692 869 mens
707 854 756 872 rudis,
772 854 835 874 impuro
849 855 896 874 utque
910 853 984 872 carnalis,

610 877 685 894 veritates
695 880 727 893 uim
738 878 829 898 splendidas
841 878 904 894 sincere
916 880 985 894 conlem-

610 902 650 923 plari
661 907 692 918 non
704 904 760 923 potest.

630 927 677 943 Porro
694 927 764 943 secundo
781 927 891 943 consideratur
908 927 950 943 Deus
968 927 983 943 io

610 952 729 972 comparatione
743 951 762 967 ad
779 951 878 967 intellectum
893 953 964 967 creatum
980 956 984 967 t

610 976 665 997 sicque
673 976 842 997 incomprehensibilis
849 976 986 992 nominaturiTer-

610 1001 633 1017 tio
642 1000 752 1016 consideratur
763 1001 805 1016 Deus
816 1000 891 1016 sublimis
902 1001 918 1016 in
929 1001 985 1016 ordine

610 1025 629 1041 od
641 1025 699 1041 locum*
712 1025 731 1040 Et
740 1025 762 1040 ita
773 1025 948 1046 incircumscriptibilis
959 1030 986 1046 op-

246 1051 377 1072 quadrupliciter.
385 1051 444 1069 Primo,
453 1053 530 1072 quantum
539 1052 558 1067 od
566 1056 583 1067 se
590 1051 603 1066 D
611 1050 685 1070 pellatur,
693 1050 735 1065 sicut
746 1049 840 1066 Ambrosius
851 1050 873 1065 ait
881 1054 885 1065 :
893 1050 936 1066 Nihil
947 1055 986 1070 prie-

208 1076 261 1097 ipsum
270 1080 274 1092 z
282 1076 338 1097 sicque
346 1076 420 1091 infinitus
427 1078 497 1091 vocatur.
506 1076 583 1094 Quemad-

208 1101 273 1117 modum
281 1101 324 1117 enim
332 1101 373 1116 Deus
380 1103 404 1116 est
412 1105 459 1116 causa
467 1100 583 1119 ciliciens,non

207 1125 271 1144 ellectu,
284 1130 332 1141 causo
343 1130 407 1146 quoque
419 1125 491 1141 formulis
506 1125 582 1144 formans,

208 1155 239 1166 non
246 1150 323 1169 roi-mam
332 1150 353 1165 ita
361 1152 385 1165 est
392 1150 454 1165 entium
465 1154 513 1165 causo
523 1149 582 1168 finalis,

207 1174 262 1190 omnia
276 1174 340 1192 finiens,
356 1174 400 1190 nullo
414 1174 465 1189 linito.
481 1174 520 1192 imo,
532 1179 583 1194 quum

207 1199 262 1215 divina
276 1198 346 1214 essentia
359 1198 381 1214 sit
392 1198 427 1219 ipsa
439 1198 494 1214 divina
506 1198 582 1219 potentia,

207 1224 249 1239 sicut
256 1223 311 1239 divina
321 1223 391 1243 potentia
401 1223 490 1239 secundum
500 1227 545 1238 suam
556 1222 584 1238 ab·

208 1248 276 1264 solutam
288 1249 382 1268 potestatem
393 1249 445 1268 potest
455 1247 527 1263 infinitos
537 1251 583 1262 mun-

208 1273 236 1289 dos
247 1272 336 1293 producere
344 1274 360 1288 et
366 1277 426 1291 creare,
435 1272 456 1287 ita
466 1272 520 1287 divina
529 1276 583 1287 essen-

208 1298 230 1313 tia
247 1299 299 1318 potest
316 1296 388 1313 infinitos
406 1297 480 1315 mundos,
495 1296 508 1312 si
523 1298 582 1315 essent,

208 1322 276 1343 replere.
291 1326 310 1338 eo
325 1322 381 1343 utique
395 1322 443 1338 modo
457 1326 489 1342 quo
504 1321 582 1337 mundum

610 1075 687 1095 scriptum
695 1076 722 1090 aut
729 1074 919 1095 eircumscriptnmmihil
926 1074 986 1090 dimen-

611 1104 647 1115 sum
658 1099 736 1115 Divinitas
746 1099 804 1118 habet3
812 1103 844 1115 non
854 1099 889 1115 loco
900 1099 985 1117 clauditur,

611 1128 642 1140 non
649 1123 754 1140 iestimotione
762 1123 868 1142 concluditur,
873 1128 905 1139 non
912 1123 985 1139 mutibus

610 1148 685 1164 vniat-m
699 1148 718 1163 Et
729 1148 765 1164 ideo
777 1148 823 1164 tertio
835 1148 895 1168 Regum
910 1148 984 1164 Salomon

611 1173 650 1189 dicit
658 1177 661 1188 :
670 1172 732 1189 Coelum
742 1174 758 1188 et
767 1173 802 1188 eoeli
813 1172 890 1188 coelorum
902 1175 917 1188 te
927 1177 984 1193 capere
993 1176 1006 1187 ιιι
1012 1176 1066 1190 nevam.

611 1202 643 1214 non
651 1199 722 1218 possunt.
731 1197 789 1216 Quarto
797 1197 907 1213 consideratur
917 1197 958 1213 Deus
968 1197 984 1213 in
992 1192 1009 1203 ‘⁷'

611 1222 729 1243 comparatione
737 1222 756 1237 ad
763 1222 864 1238 durationem
873 1226 876 1238 :
884 1224 900 1238 et
910 1222 932 1238 ita
941 1224 986 1238 oeter-

611 1252 641 1263 nus
650 1247 732 1263 asseritur.

631 1271 661 1287 Sed
673 1271 727 1287 dicere
741 1271 822 1292 quispiam
835 1273 887 1291 potest
899 1275 903 1286 :
915 1271 931 1287 Si
944 1271 986 1287 Deus

611 1296 649 1317 quia
666 1296 700 1312 loco
715 1300 747 1312 nou
764 1296 850 1314 clauditur,
867 1295 986 1312 incircumscri-

612 1320 674 1342 ptibilis
685 1320 749 1339 dicitur,
757 1322 795 1336 tunc
806 1320 899 1336 substantia
909 1322 986 1341 separata
