1083 1563
156 491 199 504 uaris,

152 510 178 520 m,
182 507 199 517 ar.

208 122 239 139 260

348 127 368 139 ΒΙ
378 126 460 139 nnuma
470 126 578 138 fflmssffls
589 125 646 137 1)inAE
656 125 675 137 st·
685 125 759 137 ΒΠΙΛῊΒ.
767 130 788 133 -
794 125 829 137 ΔἏΤ-
838 125 850 137 n

229 170 363 190 Quotiescumque
377 169 426 190 igitur
440 174 480 185 vana
494 170 511 184 et
524 168 583 184 inordi-
590 168 603 184 A
610 168 652 183 ficiis
660 168 688 184 Dei
696 168 745 184 lazi-ari
753 169 805 189 potest
812 167 901 186 homo,imo
908 169 924 183 et
931 166 985 185 debet,

209 196 245 210 nata
252 199 271 210 ac
279 194 343 215 propria
350 194 402 215 aliqua
410 193 524 214 complacentia
533 193 582 208 menti

209 221 267 235 nostr-n
279 219 351 239 subrepit
364 221 392 234 aut
407 218 465 239 ingerit
477 222 499 236 se,
511 218 536 233 vel
549 217 583 237 ipsa

208 243 240 259 sibi
248 243 286 259 boni
293 243 377 264 quidpiam
385 243 447 261 tribuit,
454 247 490 259 mox
498 242 583 258 vehemen-

208 270 233 283 ter
243 268 362 288 prudenterque
372 268 438 283 obviare
448 269 516 288 oportet,
523 268 539 282 et
550 268 582 282 tam

208 292 272 312 injusta
284 292 376 312 cogitationi
387 292 461 308 celeriter
471 291 545 307 resistere
554 295 583 311 par

208 318 236 332 est
255 316 368 332 Verumtamen
389 316 444 332 beatus
462 315 490 336 qui
507 315 582 335 laqueum

208 341 256 356 istum
268 341 343 358 evaserit.
356 341 444 361 praesertim
457 344 507 361 quum
519 340 553 360 ipse
566 344 582 355 se

207 367 245 381 tunc
253 365 310 381 fortius
319 366 385 386 ingerat,
393 365 432 381 dum
440 364 526 380 virtuosius
536 368 582 384 agere

207 390 244 411 quis
251 392 322 406 conatur.
331 390 400 410 Ideoque
408 391 463 405 contra
470 393 508 405 eum
516 388 582 408 vigilan-

207 414 270 430 tissima
278 416 331 430 mente
339 414 397 430 armari
409 418 475 429 necesse
485 415 514 432 est,
522 412 582 433 alioqui

207 438 265 459 ingrati
283 439 384 454 inveniemur
399 440 447 459 atque
462 437 582 453 irreverentiam

610 197 642 208 uon
653 192 669 208 in
680 197 697 208 se
708 197 738 208 nec
749 194 815 213 propter
825 197 848 210 se,
859 192 887 208 sed
899 192 915 207 ln
926 192 959 207 Deo
969 193 987 207 et

610 219 675 237 propter
682 217 745 233 landem
754 217 805 237 ipsius
813 221 817 232 :
826 216 878 237 primo
887 216 959 237 quidem,
967 218 986 231 ut

609 241 660 257 datori
673 241 705 257 Deo
719 243 773 262 gratus
788 241 819 261 sit3
831 241 902 257 secundo
914 244 985 261 quoque,

610 268 689 287 quatenus
700 271 729 287 per
739 266 766 282 illa
777 266 854 287 proximis
864 265 985 286 prositsseffio,

610 290 648 311 quia
662 295 691 311 per
705 290 738 306 haee
754 290 804 306 mult·
815 290 887 311 pericula
900 290 957 308 evasit,
969 291 986 305 et

610 317 673 331 mternae
684 314 779 330 beatitudini
790 314 909 335 propinquavit.

631 339 649 355 Et
657 344 712 355 revera
723 344 752 355 nos
762 344 802 360 qnos
813 339 891 355 immensa
902 339 930 354 Dei
940 338 985 354 beni-

610 364 662 384 gnitas
674 364 693 379 de
706 363 776 379 tenebris
788 363 849 382 saeculi,
861 365 909 384 atque
920 363 940 379 de
953 363 985 383 pri-

610 388 652 404 stina
659 390 713 404 nostra
720 388 841 404 conversatione
850 388 931 406 damnosa,
940 392 986 403 mun-

610 412 656 431 dans,
670 412 769 431 illecebrosa,
782 412 853 433 itemque
866 412 953 428 vanissima
966 417 986 427 ac

610 437 700 457 periculosa
707 437 771 457 eripuit,
780 439 795 452 et
802 437 822 452 ad
830 437 928 457 poenitentiae
937 437 986 452 semi-

207 463 302 479 cxhibentes
317 463 396 483 majest-sti
410 464 478 478 aeternas>
491 462 511 477 Et
522 462 582 477 scimus
590 462 602 478 B
610 463 639 480 tas,
652 461 671 477 ad
684 461 755 477 veritatis
767 461 865 481 agnitionem
879 463 986 481 sanctumque

207 487 283 508 quoniam
291 487 361 505 habenti,
370 487 386 502 id
393 489 417 502 est
427 488 477 507 grato,
485 486 558 505 dabitur3
567 485 581 501 oi

206 514 260 527 autem
268 511 296 532 qui
304 516 336 527 non
344 511 396 529 habet,
405 511 421 526 id
429 513 452 527 est
463 511 530 531 ingrato,
539 510 581 531 quod

206 536 270 552 videtur
277 536 341 554 habere,
349 535 431 551 auferetur
437 535 458 551 ab
465 539 492 555 θος
500 537 516 551 et
524 535 581 550 melius

206 565 271 581 prorsus
285 562 328 576 esset
340 565 422 580 nunquam
435 559 519 580 recepisse,
532 564 581 580 quam

205 585 256 601 datori
268 585 300 600 Deo
311 585 391 605 ingratum
402 584 457 600 fuisse.

314 650 437 667 ARTIGULUS
449 650 471 666 11.

214 684 239 699 De
245 688 309 698 summa
315 683 415 702 perfectione
422 683 482 698 mentis
489 683 569 697 humanae.

225 732 289 750 GITUR,
299 736 349 752 quum
361 731 420 747 divium
430 731 494 747 virtutis
504 730 581 752 perfectio

610 485 685 502 Ordinem
701 486 763 501 reduxit
775 490 793 501 ac
805 485 892 504 transtulit,
905 490 935 501 nec
946 485 986 501 sotis

610 510 665 529 loetari,
676 515 706 526 nec
719 511 751 526 Deo
760 510 839 531 condigne
849 510 931 531 regratiari
944 510 986 526 vaie-

610 540 651 550 mus,
671 535 725 550 Nihilo
744 535 803 553 minus,
823 539 873 555 quum
893 535 986 555 ignoremus
992 539 1066 552 saie-m.

610 562 663 575 utrum
673 564 727 575 amore
734 564 754 575 an
765 559 802 575 odio
812 559 857 579 digni
868 559 924 578 simus,
933 563 986 580 neque

610 584 743 600 certitudinsliter
750 583 797 599 nobis
807 585 879 599 constare
889 584 945 604 possit,
954 584 986 599 nisi

610 609 642 624 Deo
649 608 741 629 specialiter
748 608 828 624 revelante
835 610 853 628 et
859 608 919 629 Spiritu
927 608 986 624 Sancto
999 615 1036 626 Μ,
1041 619 1065 627 m„

609 633 674 653 spiritui
691 635 745 649 nostro
758 633 868 648 testimonium
883 632 985 653 perhibente,
994 632 1012 642 ¹⁸>

609 657 651 678 quod
660 657 676 673 in
684 657 734 678 gratia
741 659 813 677 stemus3
821 657 857 673 ideo
867 661 932 678 semper
942 657 986 673 fidu-

609 682 634 697 cia
641 684 656 697 et
664 682 719 698 laetitia
726 684 780 697 nostra
789 682 809 697 de
820 681 852 697 Deo
863 686 881 697 nc
892 681 938 697 donis
949 682 986 702 ejus

609 706 705 722 moderanda
713 708 742 725 est,
751 711 771 722 ne
779 708 907 727 praesumptuosa
916 706 942 725 sit,
950 711 986 722 san-

609 733 635 747 cto
648 735 712 752 qnoque
727 731 780 746 timori
792 735 811 746 ac
823 731 903 751 spirituali
917 731 987 747 tristitia

232 756 309 772 consistat
317 756 333 771 in
341 756 371 772 hoc
379 756 421 777 qnod
429 756 471 772 Deus
482 756 502 771 de
512 755 581 776 propriis
590 757 601 773 C
609 755 717 774 admiscenda,
728 757 806 776 quatenus
815 755 874 771 divinae
886 755 949 776 pietatis
960 755 987 771 be-

205 781 266 797 divitiis
276 781 339 801 gaudet,
350 781 411 801 quippe
421 781 449 801 qui
460 785 469 796 a
481 780 525 796 nullo
536 780 581 801 quid-

205 810 253 826 quam
262 805 327 826 recepit,
334 810 386 826 neque
393 805 459 821 alterius
466 807 507 825 eget,
513 805 539 821 sed
548 809 557 820 a
564 809 581 820 se

205 831 240 851 ipso
249 832 265 846 et
276 835 306 851 per
315 830 402 846 essentiam
413 829 461 845 habet
473 832 489 845 et
500 832 524 845 est
536 829 582 850 quid-

205 855 244 875 quid
251 855 300 870 habet
306 856 323 870 et
330 856 362 874 est,
370 854 423 870 omnis
430 856 484 870 autem
492 854 582 870 intellectu-

205 880 235 895 alis
245 881 321 895 erenum
331 879 410 900 perfectio
420 879 436 894 in
448 879 478 895 hoc
489 879 520 894 siu
530 879 556 897 sit,
564 880 582 894 ut

205 904 225 920 de
243 904 342 925 participatis
360 905 408 924 atque
425 908 435 919 a
452 903 484 919 Deo
501 903 582 919 concessis

206 929 289 944 dumtaxat
296 928 343 944 bonis
351 928 418 947 laetetur,
427 932 458 944 non
466 928 522 948 ntique
532 928 548 943 in
558 932 581 946 se,

206 953 234 969 sed
244 953 260 968 in
271 953 324 974 primo
335 953 389 969 datore
400 957 404 968 :
416 952 493 968 elucescit
505 952 582 973 quoniam

206 982 238 998 quo
249 982 295 993 mens
307 979 365 995 creata,
373 977 495 998 pmsenimque
506 977 581 995 humana,

206 1002 247 1017 hanc
258 1006 303 1017 suam
316 1001 430 1020 conditionem,
441 1001 555 1022 proprietatem
566 1003 582 1017 et

206 1027 299 1047 qualitatem
312 1026 371 1042 elarius
382 1026 488 1046 recognoscit,
499 1028 547 1047 atque
560 1030 583 1041 re-

609 779 737 800 nefioiorumque
752 780 787 800 ejus
802 779 908 796 consideratio
922 784 952 796 nos
964 780 987 795 ita

609 805 681 821 laetificet
692 807 708 820 et
718 804 795 820 fiduciam
806 806 875 825 praestet,
888 806 905 820 ut
916 805 986 825 propria

609 829 660 845 nihilo
668 829 721 845 minus
729 829 820 849 fragilitatis
827 831 844 845 et
851 829 939 850 impietatis
947 834 986 850 pen-

609 854 649 869 satio
657 854 739 869 timoratos
747 854 763 869 in
771 854 836 874 Deoque
844 854 897 869 tristes
904 858 923 869 ac
930 854 986 870 dolen<

609 880 633 894 tes
644 878 710 894 efficiat.
721 878 774 894 Nimio
784 878 845 899 quippo
856 878 916 894 fiducia
927 878 987 894 securi-

609 905 658 918 tatem
664 903 735 921 adducit,
743 903 820 918 securitas
831 904 884 918 autem
894 903 967 918 animum
977 907 986 918 a

609 929 663 943 sancta
678 927 703 943 sui
717 927 768 948 ipsius
783 927 855 943 custodia
871 927 986 947 dispendiosis-

609 952 650 967 sime
664 952 730 968 resolvit
743 956 762 967 ac
776 951 854 967 distrahit.
870 951 928 967 Contra
942 952 985 972 quod

609 976 687 997 scriptum
702 978 726 992 est
739 981 742 992 :
755 976 802 992 Omni
814 976 887 992 custodia
898 981 944 992 serva
958 981 986 992 cor
1002 985 1039 996 Μ,
1048 990 1064 998 ,ῃ

610 1001 740 1021 tnum,quoniam
749 1005 768 1016 ex
776 1001 811 1021 ipso
818 1001 851 1016 vita
858 1001 935 1021 procedit.
941 1001 985 1017 Unde
993 1002 1010 1012 ²³·

610 1027 626 1041 et
637 1025 693 1041 beatus
703 1025 836 1046 Psalmographus
844 1025 895 1041 neum
902 1029 970 1041 exorans
980 1030 984 1041 :

207 1051 318 1071 cognoscendo
325 1051 341 1066 in
349 1050 409 1066 effectu
419 1055 447 1066 seu
459 1054 507 1071 opere
518 1050 582 1071 plenius
590 1053 602 1068 D
610 1050 675 1070 Confige
686 1050 753 1070 (inquit)
762 1050 819 1065 timore
830 1052 858 1065 tuo
868 1054 924 1066 carnes
935 1055 984 1066 mens.
999 1058 1064 1070 ham

206 1075 264 1091 fatetur
271 1077 288 1091 et
294 1075 369 1094 ostendit,
377 1079 396 1090 eo
404 1075 456 1090 verior
464 1074 582 1095 perfectiorque

206 1100 273 1116 exsistit.
282 1100 337 1120 ltaque
345 1101 494 1120 quentumcumquo
502 1099 545 1118 vitm,
553 1099 582 1115 sci-

206 1124 253 1140 entiae
265 1126 282 1140 et
292 1124 370 1140 virtutum
381 1128 399 1139 ac
410 1123 478 1139 aliorum
489 1123 581 1139 divinorum

205 1149 284 1164 donorum
296 1148 408 1164 excellentiam
420 1148 501 1168 quispiam
515 1148 581 1168 adeptus

206 1173 303 1193 sortitusque
316 1172 370 1191 fuerit,
382 1173 395 1188 si
408 1172 433 1188 vei
445 1172 461 1187 in
475 1172 542 1188 minimo
554 1175 582 1188 aut

205 1200 248 1214 certe
255 1197 351 1213 tenuissimo
359 1199 402 1213 motu
412 1197 428 1212 in
436 1201 452 1212 se
460 1197 496 1217 ipso
506 1197 580 1215 exsultet,

204 1224 221 1238 et
232 1222 279 1243 quasi
293 1222 312 1238 de
327 1221 396 1242 propriis
411 1221 483 1242 gaudeat,
496 1224 523 1237 ant
535 1222 580 1237 alteri

205 1247 305 1267 complacere
313 1246 397 1265 desideret,
406 1246 479 1267 protinus
489 1246 509 1262 ab
518 1251 555 1262 arce
562 1251 580 1262 ac

205 1272 251 1292 apice
259 1271 362 1292 perfectionis
372 1276 405 1287 sum
412 1271 498 1289 delabitur,
505 1273 553 1292 atque
561 1271 580 1287 ad

205 1301 222 1312 se
230 1296 282 1317 ipsum
290 1295 379 1312 inordinate
387 1297 403 1311 et
411 1295 469 1316 injuste
477 1296 579 1312 convertitur.

225 1321 339 1337 Verumtamen
346 1320 366 1336 de
373 1320 423 1341 gratia
431 1322 447 1336 et
454 1320 500 1336 donis
507 1325 525 1336 ac
533 1320 580 1336 hene-

610 1075 664 1090 Timor
674 1079 744 1095 namque
756 1074 823 1090 retrahit
834 1079 844 1090 a
857 1074 904 1090 malo.
915 1075 985 1095 Ideoque
993 1074 1034 1100 ’Ἀ

610 1099 665 1115 boatus
676 1099 724 1115 homo
735 1099 763 1119 qni
774 1103 839 1120 semper
849 1101 874 1115 est
883 1099 956 1120 pnvidus.
965 1099 985 1115 Et
992 1105 1010 1115 ιτ.
1035 1093 1065 1102 *n*

609 1124 630 1140 ob
640 1124 670 1140 huc
682 1123 698 1139 in
708 1123 816 1144 Vitaspatrum
829 1124 907 1144 scriptum
919 1125 950 1142 est,
960 1128 984 1139 re-
991 1120 1064 1147 stad-um.

609 1148 671 1167 cordor,
681 1148 757 1169 quoniam
766 1148 826 1164 fiducia
834 1150 859 1164 est
867 1148 938 1169 pessimo
948 1153 984 1168 pas-

608 1173 638 1191 sio,
646 1173 685 1188 dnm
693 1173 754 1188 scilicet
762 1173 809 1188 homo
817 1172 863 1193 quasi
871 1173 890 1188 de
901 1177 930 1188 sua
939 1173 985 1193 justi-

609 1198 630 1213 tia
642 1202 739 1218 praesumere
752 1197 814 1218 incipit,
825 1200 872 1218 atque
882 1197 902 1213 de
911 1202 940 1213 sua
952 1198 985 1213 vita

608 1222 696 1240 confidere,
704 1227 722 1237 ac
730 1226 759 1243 per
770 1222 799 1238 hoc
810 1222 882 1238 studium
892 1224 908 1237 et
918 1222 985 1242 diligen-

608 1247 647 1262 tiam
661 1251 690 1262 seu
702 1246 828 1262 sollicitudinem
839 1246 882 1262 circa
893 1246 945 1262 cordis
958 1247 984 1262 sui

608 1271 697 1287 custodiam
706 1271 782 1290 relaxaro,
790 1273 806 1287 et
817 1271 837 1287 ad
846 1273 919 1286 externas
929 1275 985 1287 conso-

608 1296 675 1312 lationes
683 1298 753 1312 mentem
761 1300 805 1312 suam
813 1295 880 1311 liberius
887 1295 985 1317 uberiusque

608 1321 705 1337 diffundere.
