1083 1563
207 121 236 139 170
268 126 381 139 murvinum
392 127 407 139 m
418 127 474 140 omma
484 128 506 139 Α»
516 128 558 139 naun
569 128 680 140 comminutio
689 127 789 140 tuomum.
798 132 817 136 -
825 128 860 140 aar.
868 127 924 139 mxlx

205 169 236 186 Sed
253 175 304 191 quum
322 170 424 186 subtilissimi
441 170 579 192 philosophorum,
587 171 600 187 Δ
608 170 725 191 complectitur.
734 171 832 187 Seusualius
842 175 881 187 vero
891 171 935 187 illam
946 175 981 192 pai*

205 196 263 215 preter
278 195 356 211 rationein
369 197 386 211 et
399 195 504 214 voluntatem,
519 196 580 211 nullam

204 219 252 235 aliam
263 219 351 240 potentiam
362 220 379 236 in
390 220 488 236 intellectiva
499 222 543 241 parte
554 225 581 241 po-

204 244 272 263 suerint,
280 244 344 260 videtur
350 244 410 265 positio
418 244 448 261 ista
458 249 489 261 non
500 250 535 261 esse
543 250 580 261 con-

204 269 276 285 veniens.
285 269 362 290 Denique,
370 274 420 290 quum
431 272 476 286 sexto
487 270 579 286 Ethicornm

204 293 310 314 Philosophus
324 294 371 312 dicat,
386 294 429 315 quod
444 294 502 311 electio
516 297 540 311 est
554 295 579 311 vel

204 318 296 334 intellectus
308 318 411 339 appetitivus,
424 319 449 335 vel
462 320 543 340 sppetitus
555 320 579 335 in-

203 342 300 361 tellectivus,
311 347 343 359 non
355 343 419 359 videtur
430 348 466 359 esse
476 343 546 360 liberum
556 349 579 360 ar-

204 367 271 383 bitrium
279 372 288 383 a
295 367 377 383 voluntate
384 370 400 384 et
408 368 468 384 ratione
478 368 578 384 distinctum.

204 392 224 408 Et
231 391 306 408 videniur
316 392 365 408 verba
372 392 464 413 Philosophi
471 395 487 409 et
494 393 542 409 etiam
550 393 579 409 Da-

204 416 275 432 masceni
293 417 346 437 potius
361 417 408 436 velle,
426 418 469 438 quod
485 418 506 433 sit
522 418 579 434 electio

203 443 249 457 actus
256 441 349 460 voluntatisy
357 442 374 457 in
384 444 462 462 quantum
473 442 489 458 in
499 447 518 458 ea
526 445 579 458 maaet

607 197 640 211 tem
652 196 710 211 animle
720 195 793 211 nominat
804 200 833 217 per
845 200 893 217 qnam
905 195 925 211 ad
933 200 981 216 appe-

608 220 674 236 tendum
686 220 747 241 aliquid
760 220 785 236 vel
796 220 891 241 fugiendum
902 222 980 236 movetur.

607 245 688 263 Pneterea,
699 245 741 261 sicut
750 245 857 266 apprehensio
868 244 981 261 intellectualis

607 271 661 285 movet
674 269 772 286 voluntatem
787 272 835 291 prout
848 274 874 285 res
886 269 982 290 intelligitur

607 294 637 310 snb
645 294 705 310 ratione
713 294 751 310 boni
758 296 786 310 aut
794 294 838 313 mali,
844 295 868 310 sic
875 294 982 315 apprehensio
1013 292 1015 294 '

607 319 683 335 sensitiva
691 323 722 335 non
733 321 788 335 causat
796 321 857 335 motum
864 319 896 335 nisi
905 318 981 335 sensibile

606 343 736 364 apprehendatur
750 343 780 359 rub
795 344 856 360 ratione
871 343 981 359 convenientis

606 368 640 384 nive
648 368 705 384 nocivi.
714 368 741 384 Vis
749 370 803 384 autem
812 368 889 384 sensitiva
899 373 935 389 qum
941 368 981 383 tales

607 392 704 408 intentiones
714 392 802 413 cognoscit,
810 395 835 408 est
845 392 945 411 estimativa,
953 397 981 413 per

606 422 655 438 quam
666 422 716 438 agnus
728 417 763 433 viso
775 417 820 438 lupo,
830 417 901 438 concipit
911 417 981 438 speciem

606 442 695 458 inimicitia
707 444 723 458 et
737 442 783 462 fugit.
796 442 815 458 Et
826 442 861 458 haec
873 446 890 458 se
902 441 951 457 habet
961 441 981 457 ad

203 467 249 481 acius
260 466 331 482 rationis>
338 466 378 482 Nam
389 471 439 487 quum
450 467 467 482 in
477 467 532 488 aliquo
542 469 578 483 actu
587 467 598 483 B
606 466 695 487 appetitum
716 466 811 482 sensitivum
830 466 872 482 sicut
891 466 982 482 intellectus

203 492 257 506 manet
272 490 323 506 virtus
338 490 404 507 alterius
420 491 500 512 potentias,
514 496 579 512 semper

203 514 230 530 ille
242 516 288 531 actus
300 515 396 531 adscribitur
409 516 484 536 putentiae
496 516 538 532 nude
550 516 579 532 irn-

203 539 272 555 mediate
283 540 361 560 procedit.
370 540 430 556 Electio
439 542 493 556 autem
504 543 529 556 est
540 545 579 561 pras-

202 564 282 580 consiliati
293 565 374 585 appetitus
383 569 386 580 :
397 567 413 581 et
424 565 445 581 ita
457 565 488 581 erit
499 565 579 586 principa-

203 589 239 605 liter
246 591 291 605 actus
299 589 391 608 voluntatis,
400 594 431 605 nou
442 590 542 611 simpliciter,
551 590 578 606 sed

203 616 250 634 prout
265 613 281 629 in
296 618 314 629 ea
329 613 427 634 relinquitur
440 616 486 630 actus
501 614 577 634 rationis3

203 640 268 659 propter
278 638 321 659 quod
330 638 387 654 electio
397 639 470 654 nominat
480 639 579 655 voluntatem

202 662 312 678 deliberatam.
323 662 392 684 Ideoque
402 665 447 679 actus
458 663 505 679 liberi
516 663 579 679 arbitrii

203 691 235 703 non
247 687 307 703 dicitur
321 687 362 703 velle
377 687 478 708 simpliciter,
490 693 520 704 nec
535 688 579 709 obje-

203 713 248 727 ctum
262 712 298 732 ejus
313 712 374 728 bouum
387 712 489 733 simpliciter,
502 713 529 728 sed
542 717 579 728 cnm

203 736 272 757 quadam
283 736 408 752 modificatione.

604 491 687 511 practicus
697 491 716 507 ad
724 491 828 507 voluntatem.
837 491 902 511 Proprie
912 495 950 511 ergo
958 490 981 506 in-

606 515 646 536 cipit
657 515 752 531 sensualitas
763 516 781 531 in
792 515 892 532 ustimativm
903 517 920 531 et
933 519 981 536 appe·

606 540 655 556 titius
673 540 755 561 sequentis
770 540 847 558 confinio,
862 542 880 555 nt
893 544 910 555 se
924 539 983 555 habeat

606 564 700 580 sensualitas
713 564 733 580 ad
748 567 809 585 partem
822 564 916 580 sensitivam
927 568 982 585 qnem-

605 589 692 605 adrnodnm
704 589 777 605 voluntas
788 591 804 605 et
816 589 885 605 liberum
897 588 982 604 arbitrium

606 613 625 629 ad
637 615 698 634 partem
710 613 830 629 intellectivam,
838 613 883 629 lhtio
893 615 946 629 autem
956 613 982 629 de-

606 638 685 654 lectabilis
701 643 737 659 quie
752 638 873 654 sensualitatem
886 640 944 656 moret,
955 639 983 653 ant

606 663 681 678 exteriori
694 667 742 678 sensu
756 663 850 683 percipitur,
863 662 906 678 sicut
917 662 983 678 exterio-

606 692 642 703 rum
655 687 757 703 delectabilia
771 691 859 707 sensuum;
871 689 899 703 aut
911 687 983 703 interiori

606 712 688 727 dumtaxat
698 716 745 727 sensu
756 712 850 732 percipitur,
862 713 880 727 nt
889 716 939 732 agnus
949 711 984 727 visa

607 738 657 752 matre
664 736 753 752 amicitiam
760 736 832 757 concipit
839 738 854 752 et
861 736 881 752 ad
889 736 939 752 ubera
948 740 984 751 cnr—

223 761 296 782 lnsuper,
305 761 375 782 aliquem
385 766 415 777 non
425 766 472 782 posse
482 762 532 777 vitare
543 766 579 783 pec-
587 760 598 777 C
607 761 632 776 rit,
641 761 660 776 Et
671 761 760 777 secundum
773 761 808 779 ista,
819 761 913 776 sensualitas
925 761 940 776 in
951 760 984 776 dno

203 787 263 804 catum,
279 786 347 806 intelligi
363 788 415 807 potest
428 786 515 807 dupliciter
530 791 534 802 z
547 791 580 802 uno

204 810 256 829 inodo,
267 810 310 831 quod
320 810 339 826 ad
351 811 450 831 peccandum
463 811 579 832 compallatur;

203 835 280 853 secundo,
288 835 330 855 quod
338 835 358 851 ad
366 835 406 851 illud
414 837 479 856 propter
489 835 580 856 passionem

203 859 229 875 vel
237 859 310 875 habiturn
319 859 378 875 malum
387 860 473 876 inclinetur
478 860 538 880 quibus
546 861 580 876 vin-

203 883 251 900 eitur-
266 884 286 900 Et
299 886 356 900 neutro
371 884 427 900 borum
446 885 531 900 modorum
548 885 580 901 dici

203 910 256 929 potest
268 909 310 929 quod
322 909 372 925 Adam
385 911 450 930 peceato
462 909 536 925 resistere
548 914 579 925 non

202 933 268 949 valebat⁴
280 933 338 949 Natura
350 933 393 949 enim
406 933 422 949 in
434 938 454 949 ec
466 934 526 954 integra
540 936 579 952 eret,

202 960 218 974 et
233 958 302 973 liberum
320 957 404 974 arbitrium
422 958 457 978 cogi
474 962 505 974 non
522 959 579 979 potuit.

202 983 236 998 lino
250 982 327 998 facillime
344 984 410 1003 peccato
424 983 498 999 resistere
510 983 563 1003 potnit
576 987 579 999 :

202 1007 222 1023 ob
237 1007 280 1027 quod
294 1007 360 1027 gravius
375 1007 438 1023 cecidit>
451 1007 495 1023 Unde
510 1007 580 1023 liberum

203 1031 294 1050 arbitrium,
306 1031 380 1052 quamvis
392 1036 420 1053 per
431 1036 448 1048 se
459 1036 490 1048 nou
503 1032 554 1053 possit
564 1032 581 1048 in

607 785 663 804 tendit,
669 785 745 801 videlicet
751 790 754 801 :
761 785 778 801 in
785 785 887 801 delectabilia
895 785 983 801 secundum

607 815 672 826 sensum
681 812 771 828 externum,
779 812 795 826 et
806 810 823 826 in
833 815 852 826 ca
859 815 895 831 quae
903 810 936 826 sola
943 810 984 826 835ῑί-

608 835 677 850 matione
684 835 742 850 nociva
749 836 777 850 aut
783 835 896 850 convenientia
905 834 985 850 estiman-

607 861 639 875 tur.
656 859 675 875 Et
693 859 782 875 secundum
800 859 831 875 hoc
848 859 888 875 dicit
899 859 984 879 Magister,

607 884 650 905 quod
662 884 757 900 sensualitas
769 886 793 900 est
805 884 873 900 teudeus
884 884 900 899 in
912 883 985 904 corporis

608 913 670 927 sensus,
682 908 734 929 quoad
745 908 822 929 primum,
831 910 847 924 et
854 908 897 929 qnod
906 913 926 924 ex
933 913 951 924 aa
958 910 984 924 est

607 933 689 954 appetitus
700 937 754 949 rernm
763 933 783 949 ad
794 937 852 954 corpus
862 933 984 954 pertinentium,

608 958 659 978 quoad
670 958 764 973 secundum.

627 982 671 998 Patet
678 982 770 1003 ergo,qnod
778 982 843 1003 proprie
851 982 936 1003 loquendo,
942 982 985 998 vires

607 1007 729 1027 apprehensivae
737 1007 817 1023 sensitiva
828 1007 909 1028 pertinent
919 1007 938 1022 ad
949 1011 985 1022 sen—

608 1031 699 1047 sualitatem
709 1033 784 1052 tanquam
796 1031 900 1052 praeambula,
909 1031 951 1047 sicut
961 1036 986 1047 ra-

204 1056 265 1072 bonum
278 1056 385 1075 meritorium,
398 1058 451 1072 tamen
467 1061 487 1072 ex
502 1061 519 1072 se
533 1056 631 1072 habetDtio
645 1057 664 1072 ad
679 1056 749 1072 liberum
763 1056 859 1076 arbitrinm;
873 1057 916 1072 vires
930 1058 984 1072 autem

204 1081 247 1097 unde
255 1081 305 1096 vitare
316 1083 364 1101 queat
375 1081 441 1099 malum,
449 1083 465 1097 et
475 1081 494 1097 ad
502 1081 557 1102 gratius
564 1086 581 1097 se

204 1105 290 1126 disponere
300 1105 365 1121 donum.

279 1160 402 1177 ARTICULUS
414 1160 508 1177 LXXXIX.

229 1191 252 1206 De
263 1191 376 1208 sensualitate,
387 1193 402 1206 et
414 1192 434 1206 de
446 1192 530 1210 superiori
541 1196 560 1206 ac

315 1213 394 1232 infersam*
407 1213 475 1228 ratione.

240 1253 263 1269 ST
273 1255 327 1269 autem
337 1252 379 1269 inter
388 1253 511 1269 sensibilitatem
521 1255 538 1269 et
548 1258 583 1269 sen-

247 1277 338 1293 sualitatem
346 1277 432 1293 distinctio.
438 1277 477 1293 Nam
485 1277 583 1293 sensibilitas

207 1307 264 1319 omnes
272 1302 314 1318 vires
324 1302 405 1318 sensitivae
413 1302 468 1323 pertis,
477 1302 561 1318 interiores
568 1304 584 1318 et

208 1327 302 1346 exteriores,
314 1327 440 1348 apprehensivas
452 1329 468 1343 et
482 1327 583 1348 appetitivas‚

608 1081 705 1102 appetitiva,
720 1081 762 1097 sieut
775 1081 795 1097 de
809 1081 879 1097 essentia
893 1081 929 1102 ejus
943 1080 986 1097 exsi-

608 1108 674 1121 stentes.
686 1105 783 1121 Sensualitas
794 1110 859 1126 qnoque
869 1110 901 1122 non
913 1105 987 1121 nominat

609 1135 658 1146 unam
671 1130 758 1151 potentiam
773 1130 804 1146 nisi
819 1130 909 1146 secundum
923 1134 986 1150 gonus3

609 1155 637 1171 sed
649 1154 727 1170 dividitur
739 1155 755 1170 in
768 1154 912 1175 concupiscibilem
925 1157 942 1170 et
953 1154 987 1170 ira-

609 1179 683 1195 scibilem
692 1183 696 1195 :
704 1184 713 1195 a
723 1179 783 1200 quibus
795 1181 849 1195 tamen
862 1179 951 1195 secundum
962 1184 988 1195 ra*

609 1204 670 1220 tionem
678 1203 739 1222 diflert,
746 1204 784 1224 qnia
792 1204 924 1224 concupiscibilis
932 1206 947 1220 et
956 1204 987 1219 ira-

610 1228 671 1245 scibilis
685 1228 769 1244 nominant
784 1228 874 1249 appetitum
890 1228 987 1244 sensitivam

610 1255 658 1274 prout
665 1253 723 1269 rationi
731 1252 796 1268 obedire
804 1255 851 1268 natus
858 1255 888 1271 est,
896 1253 988 1274 completus

610 1280 626 1294 et
634 1282 663 1298 per
670 1277 733 1298 objecta
742 1277 836 1297 distinctus3
844 1277 939 1293 sensualitas
948 1282 989 1293 vem

611 1301 683 1318 nominat
696 1306 733 1318 eum
745 1301 833 1317 secundnm
845 1302 888 1322 quod
900 1301 990 1323 incomple-

611 1329 637 1342 tus
651 1328 681 1345 est,
695 1326 827 1342 indeterminatus
841 1328 889 1348 atque
903 1332 913 1342 a
926 1327 989 1343 ratione
