1083 1563
200 106 220 123 56
381 112 401 125 ΒΕ
411 113 473 125 narona
484 112 544 124 finum
555 112 573 124 ΕΙ·
584 112 619 124 vm
629 112 660 124 nai.
671 117 692 120 —
702 113 736 125 ΑΜ.
748 113 797 125 xxm!

199 154 260 175 Nempe
273 155 290 170 in
301 155 331 171 hac
342 155 401 171 divino
413 155 486 176 caliginis
497 155 541 176 <quas
551 157 575 171 est
582 154 595 171 A
603 155 646 171 niam
657 155 730 176 designat
741 157 757 171 et
769 155 845 176 exprimit
856 155 895 176 quid
907 155 928 171 sit
943 154 979 175 ipsa

199 179 395 200 supersplendidissimum
402 184 421 195 ac
429 179 574 196 invisibilissimum

200 203 262 224 lumen)
269 204 361 223 intuitione,
369 204 427 220 divinas
435 204 512 220 claritatis
521 204 574 225 splen-

199 228 228 244 dor
238 229 335 249 purissimus
345 229 395 245 aciem
408 229 466 245 mentis
477 229 574 248 reverberat,

198 253 254 271 vincit,
271 253 365 269 obtenebrat
384 253 481 274 penitusque
498 253 573 270 obcoecat.

198 277 283 298 Propterea
294 278 326 294 Deo
337 278 379 294 sicut
392 283 457 299 prorsus
470 278 524 298 ignoto
538 283 575 294 con-

197 301 276 322 iungitur,
282 304 298 318 et
306 302 322 318 in
330 302 420 318 divinarum
429 302 531 319 tenebrarum
539 308 575 323 spe>

198 326 278 342 culatione
288 326 379 343 deficiendo
389 327 492 347 demergitur,
501 327 576 348 liquescit

198 353 215 367 et
226 351 327 372 deliquescit,
341 351 447 372 profundatur
460 353 476 367 et
489 351 575 372 deprofun-

199 376 251 395 datury
258 376 275 392 in
282 376 439 397 sapei-lucidissimus
447 376 539 392 divitiarum
547 376 575 392 Dei

199 400 289 421 opulentias
297 405 380 421 assurgere
388 401 461 421 cupiens,
469 401 497 416 sed
505 400 533 421 figi
543 405 575 416 non

199 425 258 441 valens.

603 182 664 198 natura,
673 180 698 196 vel
708 180 724 196 in
735 180 794 201 specie,
803 180 828 196 vel
839 180 906 196 certain
913 184 978 200 genere,

602 206 629 220 aut
636 204 693 220 saltem
701 205 790 220 secundum
802 205 889 221 univocum
900 204 965 225 aliquod
974 208 978 219 z

602 229 644 245 sicut
655 229 694 245 dum
705 229 746 248 dico,
757 230 807 245 Homo
819 231 844 245 est
855 229 920 247 animal,
931 229 979 245 homo

602 256 627 270 est
637 259 701 275 eorpus,
709 254 757 270 homo
768 256 792 270 est
803 254 896 270 substantia.
905 253 979 270 Secundo

603 279 696 299 improprie,
707 279 732 295 vel
744 279 797 295 minus
808 279 878 300 proprie,
888 283 917 295 seu
928 283 979 299 quan-

603 305 637 319 tum
649 303 668 319 ad
681 308 709 319 nos
722 308 726 319 z
739 304 803 324 quando
816 303 891 319 videlicet
903 303 979 324 praedica-

603 330 637 343 tum
652 332 753 348 nequaquam
769 328 851 348 significat
867 327 936 348 subjecti
954 332 978 343 es-

603 352 670 368 sentiam
683 357 711 368 seu
723 352 761 373 quid
775 352 796 368 sit
811 352 864 373 ipsum
879 352 978 372 subjectum,

602 377 692 392 secundum
703 377 745 397 quod
757 377 773 392 in
785 377 849 397 propria
860 379 916 392 natura
926 378 951 392 est
962 378 979 392 et

603 401 620 417 in
631 406 648 417 se
659 401 694 422 ipso
705 401 784 420 subsistit,
795 401 823 417 sed
834 401 886 417 solum
899 405 918 417 eo
931 401 979 417 modo

603 430 635 446 quo
645 430 655 441 a
666 426 712 442 nobis
723 426 797 446 cognosci
809 428 871 446 potest;
879 425 904 441 vel
914 425 979 446 quando

219 449 306 468 Postremo,
318 449 390 466 omnium
404 449 461 465 horum
474 450 576 466 confirmatio
584 450 595 466 Β
603 450 676 471 designat
682 455 701 466 ea
708 455 743 471 qum
751 450 770 466 ad
778 450 862 466 veritatem
869 450 942 466 essentiae
953 454 979 466 co-

199 476 223 490 est
235 474 278 495 quod
290 474 305 490 S.
317 474 402 495 Dionysius
416 474 432 490 in
444 474 496 495 prima
508 475 575 495 epistola

199 499 218 514 ad
230 499 285 515 Caiurn
296 499 392 514 monachum
403 499 472 514 scribit:
481 499 541 515 Divinae
553 501 575 515 te-

199 523 253 539 nebrae
264 524 379 544 cooperiuntur
389 523 433 539 omni
445 523 509 542 lumini,
517 526 533 539 et
540 524 575 540 abs-

200 548 291 564 conduntur
298 548 343 564 omni
350 548 414 564 visioni>
426 548 464 564 Etsi
473 548 509 569 quis
519 548 575 564 videns

199 573 256 591 Deum,
272 572 351 588 intellexit
363 573 405 593 quod
418 573 463 591 vidit,
477 577 508 588 non
521 573 575 594 ipsum

199 597 250 613 Deum
257 597 375 618 contemplatus
383 597 444 616 est,sed
451 597 512 618 aliquid
520 602 575 613 eorum

199 621 219 637 ab
229 621 264 642 ipso
275 621 387 637 exsistentium
399 624 415 637 et
426 622 531 642 cognitorum*
540 622 576 643 lpse

199 648 252 662 autem
263 651 312 666 super
321 646 393 662 animum
404 648 420 662 et
429 651 478 667 super
489 646 575 662 essentiam

199 670 355 691 superessentialiter
370 671 481 691 superpositus
496 673 525 689 est,
540 671 576 686 uni-

199 695 282 711 versaliter
292 700 324 711 non
335 696 446 716 cognoscendo
457 700 509 716 neque
520 696 576 712 viden>

199 720 225 737 do,
234 719 249 735 id
260 722 289 738 est,
302 719 318 735 in
331 720 361 735 hoc
373 720 416 740 quod
429 724 460 736 non
473 720 575 740 cognoscitur

603 475 709 495 gnoscendam
722 475 771 495 magis
783 475 866 490 accedunt
877 475 928 493 Quum
941 479 979 495 ergo

603 499 691 515 secundum
700 504 756 515 omnes
764 504 805 520 pene
812 499 886 520 antiquos
896 499 979 519 theologus

603 526 651 545 atque
663 524 772 545 philosophos,
785 524 827 540 Deus
840 528 870 540 nec
882 524 903 540 sit
916 524 979 544 species

604 553 656 569 neque
674 549 690 564 in
708 548 767 569 specie,
782 553 812 564 nec
829 553 879 569 genus
894 553 946 569 neque
961 549 978 564 in

603 578 667 593 genere,
676 578 728 594 neque
735 573 755 589 de
762 573 794 589 Deo
804 575 820 589 et
829 573 906 589 creaturis
917 573 978 593 aliquid

604 597 672 613 univoce
687 597 792 618 praedicetur3
806 597 884 613 elucescit
897 598 940 618 quod
955 602 979 613 se-

604 622 674 637 cundum
689 622 759 642 primum
772 622 843 640 modum,
857 622 897 637 nihil
911 622 931 638 de
946 622 979 638 Deo

603 646 730 662 substantialiter
740 651 768 662 seu
780 646 878 662 affirmative
889 646 952 662 dicatur
962 646 978 662 in

604 673 644 686 statu
660 671 740 691 praesentiy
752 671 780 686 sed
792 671 845 691 potius
858 670 948 686 insinuetur
962 671 977 686 in

604 695 630 711 tali
639 695 752 716 praedieatione
760 699 798 711 voce
806 697 853 711 tenus
861 695 934 716 positiva,
939 695 978 716 quid

604 720 645 735 Deus
657 724 689 735 non
702 720 728 738 sit,
739 719 763 735 vel
776 719 815 740 quid
829 719 849 735 ab
864 720 899 740 ipso
911 720 937 738 sit,
949 724 977 735 seu

199 749 252 764 neque
265 744 332 760 videtur.
346 744 390 760 Unde
404 744 420 760 in
433 744 474 760 libro
486 745 506 760 de
520 745 575 760 Causis
584 745 595 761 C
603 744 642 765 quid
653 744 696 759 circa
708 744 761 764 ipsum
773 744 799 762 sit,
810 744 945 765 quemadmodum
958 749 978 760 ex

199 768 281 784 subtiliter
292 768 353 784 dictum
366 771 391 784 est
404 773 407 784 :
421 768 471 785 Causa
486 769 537 790 prima
552 771 576 785 est

200 798 249 814 super
263 798 311 809 omne
326 798 385 809 nornen
400 798 432 814 quo
447 794 544 812 nominatur,
560 796 576 810 et

200 822 232 833 non
250 818 320 838 pertinet
336 818 356 834 ad
372 823 407 834 eam
423 818 509 834 diminutio
523 823 576 839 neque

201 842 343 863 complementum

282 895 404 911 ARTIGULUS
416 895 496 911 XXXIII.

199 925 283 941 Resolulio
293 927 308 940 ct
317 926 405 940 concordia
416 926 474 940 horum
484 931 521 945 quse
531 926 576 941 dicta

240 950 279 962 sunt
290 950 305 962 et
315 948 348 962 sibi
358 948 437 963 videntur
447 948 537 963 contraria*

236 990 309 1006 nomam
319 994 357 1006 vero
367 994 398 1005 non
411 990 464 1005 miuus
474 990 542 1006 difficile
551 992 575 1006 est

201 989 234 1039 Q
243 1014 340 1035 praeinducta
347 1014 396 1030 verba
403 1014 576 1035 Dionysiibamasceni

604 768 678 789 plurimis
690 768 787 784 testimoniis
799 768 912 789 priedictorum
924 769 978 785 docto-

603 798 638 809 rum
647 793 716 809 inductis
724 793 812 809 clarissime
820 793 875 814 liquet.
882 793 915 809 Non
923 795 977 809 autem

603 818 675 838 signatur
689 817 727 838 quid
745 818 786 833 Deus
803 818 829 836 sit,
845 818 872 838 qui
887 818 976 834 seeundum

603 842 708 858 substantiam
717 842 783 858 omnino
792 844 840 863 atque
850 843 941 858 omnimode
951 847 977 858 ex-

603 868 634 882 stat
648 866 716 887 ignotus.
733 866 751 882 Et
768 866 802 883 haec
819 868 853 883 erat
867 871 912 883 mens
927 867 977 883 Rabbi

602 891 665 912 Moysis,
675 891 772 907 affirmantis
783 891 805 907 nil
817 891 943 907 substantialiter
952 888 977 908 rel

602 915 700 931 affirmative
712 916 791 931 enuntiari
806 916 826 932 de
840 916 873 932 Deo
888 917 977 937 incompre-

603 940 679 956 hensibili
691 942 706 956 et
717 940 784 956 excelso.

623 965 642 980 Et
649 965 668 980 ad
677 965 719 981 idem
731 965 771 981 redit
781 965 850 981 secunda
861 965 922 986 opinio,
930 966 977 986 eujus

602 991 689 1005 assertores
700 989 738 1005 fassi
751 991 793 1008 sunt,
805 994 824 1005 ea
834 995 870 1010 quaa
882 990 901 1006 de
913 990 945 1006 Deo
954 991 977 1006 di-

603 1016 666 1032 cuntur,
683 1014 794 1030 habitudinem
809 1019 861 1030 causaa
878 1015 976 1035 significare,

200 1041 216 1055 et
223 1038 291 1055 aliorum
299 1038 389 1059 intelligere
396 1040 444 1059 atque
451 1039 518 1058 salvare,
527 1044 575 1060 qnam
583 1039 595 1055 D
602 1038 658 1059 sicque
666 1043 694 1059 per
702 1038 810 1054 causalitatem
818 1039 838 1055 de
846 1039 881 1060 ipso
890 1040 976 1056 enuntiari.

200 1063 296 1085 positionem
307 1063 356 1079 naabi
367 1063 424 1084 Moysis
436 1065 452 1079 et
463 1063 529 1079 alterius
541 1064 575 1084 opi*

200 1088 262 1108 nionis;
272 1088 332 1103 idcirco
343 1088 383 1103 utile
393 1092 434 1106 reor,
443 1090 522 1104 tantorum
534 1088 575 1104 virn-

200 1117 236 1128 rum
244 1112 264 1128 de
272 1113 303 1128 Deo
313 1112 392 1133 profunde
403 1112 509 1133 loquentium,
517 1113 575 1128 doctri-

200 1137 244 1153 nales
251 1137 338 1153 sententiaa
346 1137 429 1157 paulisper
436 1141 465 1157 pro
475 1137 537 1153 viribus
548 1142 574 1153 cx-

198 1161 264 1182 planare
278 1163 294 1177 et
308 1161 409 1177 concordare.
422 1161 516 1177 Nullatenus
530 1162 574 1178 enim

198 1188 237 1207 puto
248 1188 280 1201 tam
292 1190 362 1201 summos
372 1186 446 1201 doctores
457 1186 499 1201 circa
509 1186 536 1202 Dei
548 1191 574 1202 na-

197 1213 249 1226 turam
260 1214 321 1226 errasse
330 1214 333 1225 :
342 1210 384 1230 quod
395 1212 448 1226 tamen
459 1212 506 1229 esset,
518 1211 531 1226 si
541 1211 573 1227 sihi

198 1237 254 1251 mutuo
265 1235 369 1255 repugnantia
380 1235 477 1250 docuissent.

217 1259 336 1275 Advertendum
350 1263 393 1279 ergo,
406 1259 449 1280 quod
463 1259 525 1280 aliquid
539 1260 572 1276 dici

197 1286 249 1305 potest
260 1284 280 1300 de
292 1284 323 1300 alio
335 1283 461 1300 substantialiter
473 1286 489 1300 et
503 1284 571 1305 positive

197 1308 287 1330 dupliciter.
303 1308 355 1324 Primo
369 1308 439 1329 proprie,
454 1308 515 1325 scilicet
531 1313 570 1330 quo-

602 1063 641 1078 Nam
652 1067 671 1078 eo
681 1063 716 1083 ipso
725 1067 757 1083 quo
767 1062 788 1078 ita
799 1063 847 1079 locuti
858 1065 900 1082 sunt,
909 1068 977 1084 ,μονῇ

603 1089 640 1103 runt
655 1087 709 1107 utique
724 1091 780 1103 omnes
794 1087 856 1103 entium
870 1088 977 1109 perfectiones

602 1112 634 1128 Deo
646 1112 781 1127 excellentissime
796 1113 887 1131 convenire,
900 1115 976 1134 tanquam

602 1137 713 1152 universorum
726 1136 778 1157 primo
790 1137 870 1158 principio
880 1140 897 1153 et
907 1138 977 1155 Creatori

601 1161 684 1177 altissimo.
700 1161 731 1177 Cur
748 1165 785 1181 ergo
802 1161 877 1177 dixerunt
892 1163 977 1183 predicata

601 1185 722 1206 perfectionalia
729 1185 749 1201 de
756 1185 788 1201 Deo
796 1190 827 1201 non
837 1186 869 1202 dici
881 1187 976 1203 substantia-

600 1210 642 1228 liter,
650 1210 677 1226 aed
690 1210 741 1230 magis
750 1210 840 1229 causaliter,
849 1211 880 1226 nisi
891 1212 934 1232 quod
944 1212 977 1228 Deo

600 1239 631 1250 non
647 1236 741 1255 competunt
755 1239 774 1250 eo
789 1235 836 1251 modo
850 1240 882 1256 quo
897 1236 913 1252 in
928 1237 976 1253 rebus

600 1259 704 1275 inveniuntur
718 1261 766 1280 atque
779 1264 788 1275 a
800 1259 847 1275 nobis
861 1263 975 1281 agnoscuntur,

599 1284 626 1300 sed
639 1288 667 1305 per
680 1284 745 1299 modum
758 1283 805 1299 nobis
818 1284 974 1305 imperscrutabilem

598 1311 614 1325 et
624 1314 633 1325 a
644 1309 690 1325 nobis
701 1308 843 1325 innominabilem?
