1083 1563
199 116 230 132 2⁶8

334 121 354 132 ns
364 120 447 132 ms'raunn
457 120 565 132 Pssnrsscnoms
575 121 632 132 mvnsss
643 121 661 132 m·
671 121 745 133 amana.
753 125 773 128 —
780 121 815 133 Am·-
824 121 840 133 ¹1

133 165 148 177 n-
156 166 191 177 bivia⁴
199 163 238 179 dum
245 163 318 179 divinum
326 163 425 184 Dionysium,
433 163 487 179 divina
496 163 529 182 lux,
537 168 573 184 qum
580 163 592 179 Α
600 163 620 179 ad
627 164 725 184 singularem
732 164 803 185 aliquam
813 164 892 180 visionem
903 168 977 185 raperen-

125 185 187 193 mian.

126 461 168 472 lma.
171 465 193 475 m.

127 478 144 488 U.

199 188 306 204 immensitate
314 193 343 204 sua
350 193 398 209 super
404 192 469 204 omnem
477 188 539 204 vultum
547 193 573 204 na-

199 214 238 229 turae
253 217 322 233 expansa
336 215 366 231 est,
379 213 400 228 sit
414 217 454 233 pura
466 212 533 231 bonitas,
547 212 572 228 cui

199 237 329 258 propriissimum
340 239 364 252 est
375 237 453 255 misereri,
461 241 510 258 seque
521 237 573 258 ipsam

198 262 272 280 effluere,
285 261 372 277 bonitatem
387 266 432 277 suam
447 262 572 280 communicare,

197 286 264 307 gratiam
282 286 364 307 impertire
376 291 379 301 z
391 286 419 302 uhi
434 286 504 302 animam
519 286 573 307 gratim

199 311 353 331 illuminationisque
361 315 436 331 capacem
443 316 462 326 ac
469 311 524 326 divino
532 310 574 326 radio

198 336 268 356 dignam,
280 337 336 356 utputa
346 340 355 351 a
366 335 468 356 passionibus
479 335 546 351 liberam
558 337 574 351 et

199 360 281 379 mundam,
294 360 415 381 studiosamque
429 362 477 380 atque
492 360 574 380 sapientiae

199 385 268 402 avidam.
281 384 366 403 invenerit,
379 389 416 400 rnox
429 384 516 400 bonitatem
528 384 574 400 suam

199 408 282 428 diffundit,
293 409 347 429 gratias
358 409 412 425 lumen
425 409 502 427 immittit.
512 408 574 430 sapien-

199 433 239 449 tiam
246 433 311 453 tribuit;
319 435 335 449 et
344 434 386 449 sicut
395 434 467 450 Christus
478 433 575 454 repromisit,

601 190 627 203 tur
634 188 711 207 divinam,
720 188 773 204 subito
784 188 800 204 in
812 188 861 204 facies
872 193 909 204 suas
920 189 977 205 caden-

601 215 630 231 tes.
638 218 655 229 se
663 213 706 234 ipsos
717 213 759 229 facto
769 218 788 229 ac
798 213 852 229 verbis
863 213 976 229 humiliabant.

601 237 631 253 Sed
641 239 658 253 et
667 238 695 259 qui
705 238 776 258 gustavit
786 238 863 258 agnoscit,
871 238 939 254 durante
950 238 977 253 illa

601 262 717 283 benignissima
728 262 824 280 visitatione,
833 262 946 281 illustratione,
955 263 978 278 in-

602 286 718 305 flammatione,
726 287 837 308 penetratione
844 287 921 308 paracleti
929 287 979 308 Spiri-

602 313 627 327 tus
635 311 694 330 Sancti,
700 316 748 332 quarn
756 314 836 332 prompte,
842 316 891 332 quarn
899 312 980 332 profunde

602 338 640 352 tunc
651 336 718 357 spiritus
729 341 746 352 se
758 336 811 357 ipsum
822 336 902 354 humiliet,
910 336 980 357 quoties-

602 365 634 381 que
641 362 674 376 toto
682 361 732 381 ignito
739 360 799 376 affectu
810 361 899 381 proclamet
906 365 910 376 :
918 361 931 377 Ο
938 361 980 377 Deus

602 385 701 403 dulcissime,
709 389 719 401 ο
726 385 768 400 Deus
776 385 855 406 piissime,
863 389 873 401 o
883 385 925 401 Deus
936 387 982 401 mer-

603 414 628 427 ne,
642 409 726 427 immense,
736 409 822 428 adorande¹
835 409 874 430 quid
887 409 938 425 facist
949 410 982 425 Gur

603 433 671 454 proprias
679 434 752 454 dignitati
760 434 836 454 injuriam
844 434 893 450 facist
901 434 933 450 Cur
940 434 980 450 mihi

200 458 266 474 veniens
279 458 306 474 ille
318 458 386 479 Spiritus
398 458 475 477 veritatis,
488 458 535 474 docet
546 462 575 473 nos
584 457 595 472 B
604 458 715 479 indignissimo
723 459 753 474 ista
761 458 850 479 impendis?
858 458 981 479 indignissimus

200 484 265 498 ornn‘em
276 483 364 499 veritatem.

221 507 261 523 Hinc
277 507 338 528 quippe
354 508 374 523 de
390 507 487 523 beatissimis
504 507 576 528 patribus

201 532 259 548 nostris
274 532 289 547 S,
302 532 387 551 Bernardo,
400 532 416 548 B.
430 532 495 550 Thoma,
507 532 576 552 aliisque

200 556 329 577 incomparabilis
336 556 406 572 scientim
414 556 526 577 viris,legimus
534 556 576 577 quod

201 581 285 597 sanctitate
293 581 329 597 vitae
337 581 387 602 magis
394 586 443 602 quarn
451 581 504 597 studio
514 581 576 601 sapien<

201 606 239 621 tiam
252 610 298 621 suam
309 605 363 626 adepti
376 608 414 621 sunt
425 610 429 621 :
441 605 576 626 quemadmodum

201 630 249 646 etiam
257 630 277 646 de
284 630 373 646 SiAntonio
380 635 426 646 sacer
433 635 451 646 ae
458 630 522 646 divinus
530 630 576 645 Atha-

201 655 255 670 nasius
264 656 312 675 atque
319 655 339 670 de
346 654 448 670 sanctissimo
455 654 522 670 Marlino
531 659 577 670 vene-

201 679 256 695 rahilis
267 679 335 695 Severus
346 679 399 695 testati
410 681 451 695 sunt.

222 704 299 725 Denique,
314 708 368 719 nonne
384 704 460 719 omnibus
474 703 499 719 his
513 703 577 719 mirahi-

202 728 233 744 lius
248 728 278 744 τίω
292 733 382 746 censemus,
395 728 438 748 quod
452 728 485 748 jam
502 732 533 744 non
548 727 576 743 diu

603 483 646 498 enim
655 488 696 498 sum.
705 483 737 499 Cur
746 488 772 499 me
782 483 858 504 adspicis.
867 488 896 499 eur
906 488 932 499 me
943 483 981 499 visi-

603 509 632 526 tas,
641 507 668 528 qui
679 509 695 523 te
706 507 752 523 toties
763 508 823 528 sprevi,
834 508 881 524 toties
892 507 981 528 ingratissi-

604 537 640 548 mus
650 532 710 550 exstiti,
722 534 738 548 et
748 534 780 548 tam
791 532 912 548 sordidissimus
923 533 972 548 sum!

625 556 687 572 Etenim
699 561 754 572 revera
766 561 798 577 quo
811 557 847 577 quis
859 557 910 572 Deum
922 556 982 572 clarius

604 581 654 601 gratia
662 581 733 597 radiante
741 583 838 602 conspectat,
844 585 863 597 eo
871 585 888 597 se
896 581 983 597 vehemen-

604 606 636 621 tius
644 605 729 626 vilipendit
738 608 786 626 atque
797 606 876 621 humiliat.
885 605 929 621 Unde
940 610 984 621 ama-

605 630 642 646 bilis
657 630 684 646 ille
699 630 782 651 Propheta,
794 630 913 646 sacratissimus
928 630 983 648 lsai-s,

605 655 621 670 in
629 655 687 671 divinae
695 654 771 670 claritatis
780 655 863 670 thesauros
874 654 983 672 intromissus,

604 681 620 695 et
637 679 653 695 in
670 679 730 695 divinae
745 679 785 695 lucis
800 679 876 700 abyssum
890 679 983 699 absorptus,

604 704 676 720 divinam
684 704 751 724 insuper
759 703 949 724 incircumscriptibilem
957 708 983 719 ex-

605 728 695 745 cellentiam
706 728 776 746 intuens,
784 733 816 744 non
827 728 880 744 solum
891 733 908 744 se
921 728 982 749 ipsumv

202 755 239 768 ante
250 757 279 769 nos
292 752 358 773 contigit
371 752 386 768 in
399 752 490 768 admirabili
503 752 530 768 illo
542 752 576 768 viro
584 751 595 767 G
605 754 632 769 sed
639 757 694 769 omnes
702 753 767 773 insuper
774 753 846 769 homines
852 753 930 768 veraciter
937 752 982 773 parvi

201 778 261 793 Ioanne
266 777 406 798 Ruysbroechqni
415 782 465 797 quum
474 776 521 793 idiota
528 778 576 795 esset,

202 804 217 818 et
230 802 280 823 ipsius
293 802 359 822 insuper
370 801 422 817 Latini
435 801 499 822 ignarus
511 801 577 822 eloquii,

202 826 253 842 nihilo
260 826 314 842 minus
322 826 380 842 merito
389 826 478 841 sanctitatis
489 828 505 841 et
515 826 577 846 simpli·

202 851 254 867 uitatis
264 853 296 866 tam
306 851 436 871 supernaturales
448 850 525 866 divinitus
535 851 578 866 theo-

202 876 233 891 rias
240 876 306 891 sortitus
316 877 344 894 est,
353 877 368 891 et
378 875 394 891 in
404 879 433 891 suo
443 879 507 896 quoque
517 875 578 895 vulgari

202 902 234 916 tam
242 900 356 916 subtilissimas
365 900 441 916 veritates
452 899 553 920 conscripsit,
561 901 579 915 ut

202 925 333 941 excellentissimi
345 929 393 940 sacrm
406 924 489 945 theologice
501 924 579 945 professo-

202 954 228 965 res
235 949 310 970 spiritum
319 954 351 970 prae
358 949 461 965 admiratione
469 949 496 964 vix
504 949 578 967 habeant,

203 979 251 995 seque
259 979 291 990 non
299 978 345 995 posse
352 973 440 990 sententias
448 973 483 994 ejus
491 973 579 994 inlelligere

203 999 255 1020 palam
263 999 359 1015 edisserant?
365 998 450 1014 Enimvero
456 1000 472 1014 et
479 1002 508 1019 ego
516 998 532 1013 in
540 998 580 1013 chri-

203 1024 254 1040 stiana
266 1023 345 1044 sapientia
357 1028 424 1044 pauper,
436 1027 492 1038 recens
503 1024 518 1038 et
531 1022 580 1038 modi-

605 778 676 799 pendens
692 782 695 793 :
711 777 770 793 Omnes
783 777 851 798 (inquit)
865 779 921 798 genies
936 777 982 798 quasi
990 781 1008 792 ι..
1014 782 1056 794 um.

605 807 636 818 non
647 803 685 821 sint,
695 803 719 818 sic
730 804 767 818 sunt
778 806 831 818 coram
843 806 868 820 eo,
878 804 894 817 et
904 803 982 822 tanquam

605 827 673 842 nihilum
682 828 698 842 et
705 827 752 842 inane
760 828 837 847 reputatae
844 828 882 842 sunt
889 826 909 842 eil
918 826 983 842 Preter-

605 856 624 867 ea
640 851 766 872 superbissimus
780 851 819 867 olim
837 851 864 866 ille
880 855 908 866 rex
925 855 982 871 regum

605 876 756 894 Nabuchodonosor,
765 875 803 891 dum
811 880 828 891 se
838 880 889 896 usquo
899 875 918 891 ad
930 875 983 890 sidera
1005 880 1040 890 m,-⁴
1049 883 1066 892 n,

606 900 642 916 coeli
660 900 748 918 extolleret,
763 902 811 920 atque
826 904 835 915 a
850 899 935 915 mitissimo
950 896 1005 915 Deo¹⁵
1011 897 1053 909 ‘¹⁵³⁴

607 925 690 946 paululum
707 927 795 945 correptus,
811 929 861 945 quum
876 929 906 945 per
920 926 983 944 septem

607 952 679 970 tempora
687 949 748 965 foenum
759 951 776 965 ut
787 949 816 965 hos
826 949 926 967 comedisset.
934 950 984 969 atque

606 974 670 990 tandem
683 973 702 989 ad
716 973 803 994 pristinum
815 973 873 993 gradus
886 973 910 989 sui
923 973 984 993 princi·

607 1000 662 1019 patum
676 998 752 1014 reductus
764 998 827 1016 fuisset,
840 1002 871 1013 non
884 999 946 1013 tantum
960 1002 983 1015 se,

607 1023 634 1039 sed
645 1025 661 1038 et
672 1027 728 1038 omnes
739 1024 800 1043 gentes,
813 1027 858 1043 reges
870 1027 889 1037 ac
901 1022 984 1043 principes

203 1054 237 1067 cus,
253 1048 283 1064 hoc
298 1048 348 1064 libere
362 1048 417 1066 fateor,
431 1048 472 1068 quod
488 1047 504 1063 in
519 1047 579 1063 nullius
587 1047 600 1063 D
608 1047 677 1063 humiles
689 1052 724 1063 esse
736 1047 794 1063 dehere
806 1049 898 1063 contestans
908 1051 912 1062 ε
924 1046 984 1062 Omnes
992 1051 1025 1062 ιιι-α.
1033 1052 1052 1062 aa

203 1073 349 1090 ecclesiasticorum
363 1074 411 1093 atque
425 1072 540 1088 catholicorum
554 1072 581 1088 do-

203 1100 265 1114 ctorum
274 1097 383 1114 voluminibus
393 1099 453 1113 tantam
464 1097 580 1112 sententiarum

203 1123 304 1139 altitudinem
313 1122 385 1143 mihique
397 1124 429 1137 tam
440 1121 525 1137 difficilem
537 1126 580 1137 corn-

204 1148 244 1169 peri,
253 1149 271 1163 ut
278 1147 294 1163 in
303 1147 348 1163 libris
356 1147 413 1167 ipsius,
421 1146 455 1162 solo
462 1150 494 1162 uno
505 1146 580 1166 Dionysio

204 1172 275 1192 dempto,
288 1172 335 1192 cujus
349 1173 403 1187 tamen
415 1170 503 1186 difficultas
515 1172 581 1191 propter

204 1197 237 1213 stili
245 1196 359 1213 obscuritatem
367 1200 424 1216 magna
434 1200 453 1211 cx
464 1197 508 1216 parte
519 1195 580 1211 contin-

204 1222 227 1242 git
237 1226 241 1237 z
252 1221 295 1242 quod
305 1220 361 1241 utique
373 1220 389 1236 in
400 1220 445 1236 libris
455 1220 503 1240 hujus
513 1219 581 1236 admira-

205 1246 243 1262 hilis
253 1246 284 1262 viri
296 1246 350 1261 locum
360 1249 392 1261 non
403 1244 456 1260 habet.

225 1271 278 1289 Porro,
293 1270 336 1291 quod
350 1269 409 1285 divina
424 1269 511 1289 majestatis
525 1268 582 1284 notitia

205 1295 287 1311 hominem
300 1299 363 1310 summe
375 1294 455 1313 humiliet,
465 1294 503 1310 hinc
515 1293 582 1309 evidens

205 1322 234 1339 est,
243 1320 286 1341 quod
293 1319 390 1336 sanctissimi
402 1319 426 1335 illi
436 1319 523 1339 Propheta,
531 1323 582 1338 quum

607 1072 675 1093 (inquit)
684 1072 780 1088 habitatores
791 1074 837 1087 terrm
848 1071 890 1092 apud
902 1071 956 1092 ipsum
967 1071 984 1086 in

608 1096 677 1112 nihilum
686 1098 785 1117 reputentur}
792 1098 808 1112 et
813 1100 844 1112 non
852 1096 911 1116 estqui
920 1095 985 1111 resistat

609 1121 663 1137 manui
674 1121 715 1141 ejus,
727 1123 743 1136 et
753 1121 800 1139 dicat.
811 1120 862 1139 Quare
873 1120 896 1136 sic
907 1119 972 1135 fecistif

713 1177 836 1193 ARTICULUS
848 1177 878 1193 XI.

623 1209 646 1224 De
660 1208 745 1227 supernlla
759 1208 855 1222 excellentia
870 1209 937 1222 natura
951 1212 972 1222 ac

712 1229 803 1249 majestatis
812 1229 880 1244 divina.

645 1267 723 1286 noman,
738 1268 784 1288 juxta
802 1267 896 1287 praehabita,
913 1267 986 1287 perfecta

652 1292 735 1308 humilitas
749 1296 780 1308 non
794 1291 847 1308 solum
858 1291 930 1307 divinam
944 1292 988 1308 noti-

610 1317 688 1336 tiam,irno
695 1317 754 1333 divinas
761 1316 822 1332 notitiae
833 1321 886 1332 arcem
893 1321 912 1332 ae
921 1316 987 1337 apicem
