1083 1563
133 540 148 551 11-
154 540 191 551 nui.

125 557 158 570 mu,
162 559 171 567 ι.
176 559 190 567 ιιι.

199 119 219 135 ΒΞ
391 124 411 135 ns
421 123 483 135 1111111111
494 122 554 134 ass-sam
564 122 583 133 ιτ
593 122 628 133 vaur
638 122 669 133 nsi.
681 126 701 129 -
711 122 746 133 111.
758 122 789 134 xxx

199 166 219 182 de
229 167 261 183 Deo
270 171 306 187 quae
315 171 348 183 suae
359 166 454 187 perfectioni
465 170 496 182 non
508 164 594 186 congru-A
622 164 650 180 Est
662 164 711 185 igitur
721 165 789 185 quaestio
800 165 861 185 ingens,
873 169 909 185 quoe
920 164 977 180 barum

200 193 233 207 unt.
250 191 327 212 Denique,
342 191 430 207 secundum
448 190 574 206 sacratissimum

200 216 293 237 Dionysium
302 216 371 236 capitulo
379 215 450 231 secundo
454 215 523 236 Mysticm
530 214 574 230 theo-

200 240 251 261 logias,
259 240 276 256 in
284 240 340 256 barum
348 240 410 255 viarum
419 244 493 260 processu
501 238 575 260 opposito

200 265 248 281 modo
258 265 373 286 progredimur.
382 264 453 285 Oportet,
464 263 522 284 inquit,
532 263 574 279 abla-

199 289 251 305 tiones
263 289 341 305 contrarie
353 288 460 310 positionibus
475 288 544 304 laudare.
558 288 574 303 ln

200 314 225 329 via
235 314 279 330 enim
289 314 379 334 positionis,
387 318 396 329 1
406 312 542 334 praestantissimis
552 312 575 328 in-

199 339 282 357 choamus,
298 343 327 359 per
344 338 397 354 media
414 338 465 358 usque
481 338 501 353 ad
519 337 575 353 ultima

199 363 320 382 descendend03
332 365 348 379 et
359 368 395 383 quae
406 362 459 383 priora
470 362 575 383 dignit-raquo

199 389 242 406 sunt,
250 388 282 403 Deo
290 387 375 403 benedicto
383 389 398 403 et
406 391 470 403 summo
478 387 522 407 prius
532 386 575 407 prin-

199 412 299 433 cipaliusque
309 412 412 428 conveniunt.
420 412 437 427 111
447 411 477 427 bac
487 411 540 431 itaque
550 411 576 426 viu

199 437 268 452 dicimus
279 437 329 452 Deum
340 436 356 452 in
367 436 424 457 primis
435 440 471 451 esse
481 436 575 453 bonitatem,

602 189 695 205 notitiarum
710 189 730 205 de
745 189 776 205 Deo
790 190 812 205 sit
826 189 877 210 major
891 191 908 205 et
919 189 977 204 clarior

602 216 650 234 atque
664 213 755 234 perfectior.
769 214 788 229 Et
802 214 938 235 respondendum,
954 218 978 229 se-

602 238 673 254 cundum
681 238 791 254 beatissimum
799 239 909 259 theologorum
919 238 977 253 ducem

602 268 620 279 ec
628 263 718 284 principem
726 263 825 284 Dionysium,
836 263 878 284 quod
887 263 914 279 illa
924 263 978 283 cogui-
991 266 1031 277 ικαιι
1045 267 1054 277 t.

603 288 625 303 tio
637 288 689 308 potior
700 290 725 303 est
736 293 768 308 qua
779 288 829 304 Deum
842 292 870 309 per
880 282 1054 303 111111101101-11”“ζ

602 312 717 332 dignoscimus
735 312 754 328 Et
770 312 836 333 quidem
853 312 912 328 veritas
929 311 978 332 hujus

602 337 691 352 certissime
703 337 780 353 elucescit
791 342 810 353 ex
822 337 898 353 omnibus
910 337 926 352 in
939 341 978 357 proe-
985 329 1054 359 m‡„n‡{‘¹'„

603 362 665 377 cedenti
673 361 741 377 articulo
749 362 849 377 introductis.
855 361 872 377 Si
880 366 955 381 namque,
961 363 978 376 ut

603 385 626 401 ibi
637 388 719 402 ostensum
729 388 758 404 est,
767 386 808 402 Deus
820 386 886 402 omniuo
892 386 978 406 (quantum

603 410 622 426 ad
633 410 672 431 quid
683 411 714 430 est)
725 410 788 431 ignotus
800 413 830 429 est,
842 410 978 431 incomprehensi-

604 435 647 453 bilis,
660 435 805 455 imperscrutabilis
818 435 938 455 ineffabilisque
952 439 978 450 ex-

199 466 234 477 esse
244 461 336 479 essentinm,
345 466 380 477 esse
391 461 446 479 vitam,
454 460 544 478 veritatem,
552 465 575 476 51-
584 459 596 474 Β
604 460 672 480 sisteus;
680 462 718 475 tunc
727 460 779 480 palam
789 462 819 478 est,
830 460 872 480 quod
880 460 899 475 de
908 459 939 475 neo
947 464 979 475 me-

199 486 282 506 pientiam,
293 488 310 501 et
323 486 344 501 ita
357 485 377 501 de
389 485 461 506 reliquis.
473 485 499 500 Sic
511 489 575 505 quoque

200 510 216 526 in
228 510 269 526 libro
281 510 301 526 de
312 510 374 526 Divinis
384 509 478 526 numinibus
490 509 575 530 Dionysius

199 535 249 551 Deum
264 535 317 550 laudat
332 539 361 555 per
377 534 487 555 intelligibiles
503 534 575 550 nomina<

198 560 255 575 tiones,
263 559 311 575 Porro
321 559 338 575 in
349 559 375 575 via
383 559 474 577 ablationis,
482 558 502 574 ab
513 558 575 574 infimis

199 584 297 602 inchoantes,
311 588 340 604 per
352 584 404 600 media
417 588 468 604 usque
480 583 499 599 ad
511 588 575 599 5111111111

198 608 327 627 conscendimus,
339 608 394 624 omnia
408 608 498 623 auferentes
513 612 522 623 a
536 608 573 626 Deo,

198 635 274 654 tanquam
286 633 306 649 ab
318 633 431 648 universorum
446 632 526 653 principio
537 637 574 648 cun-

198 658 227 673 ctis
239 658 255 673 in
265 657 349 673 infinitum
359 657 467 678 superposito.

218 682 332 697 Verumtamen
349 681 394 702 prius
410 683 426 697 et
443 681 493 701 magis
510 681 574 702 proprie

197 708 246 727 etque
257 706 362 727 principalius
372 705 470 726 abnegamus
480 705 500 721 de
510 706 542 721 Deo
552 705 575 721 in

198 731 257 746 l'eriora
264 732 280 746 et
287 730 331 749 vilia,
340 735 388 751 quam
398 730 481 751 superiore
490 732 538 750 atque
546 734 575 746 no-

603 484 635 499 lius
651 484 712 500 scimus
729 484 767 505 quid
784 489 816 500 non
831 486 861 503 est,
876 489 924 505 quam
940 483 979 504 quid

603 511 627 524 est
641 513 644 524 :
658 509 696 527 imo,
708 509 746 529 quid
761 511 791 527 est,
804 509 868 529 penitus
881 509 978 529 ignoramus.

602 533 661 549 Notitia
673 538 711 554 ergo
723 534 750 549 Dei
764 538 793 554 per
805 534 927 554 abnegationem
939 538 978 553 pru>-

602 558 669 573 511111101-
676 560 700 574 est
709 563 758 578 quam
767 563 796 579 per
802 558 927 574 affirmationem
937 557 978 573 exsi-

602 584 650 598 stens.
659 583 737 603 Denique,
745 583 797 598 omnis
805 584 858 598 nostra
866 582 978 598 intellectualis

602 607 677 627 cognitio,
685 612 705 623 ex
715 608 797 626 creaturis,
806 607 839 623 imo
845 612 865 623 ex
876 607 977 622 sensibilium

602 631 736 652 apprehensione,
751 632 834 647 exordium
852 631 906 649 sumit,
921 636 978 647 secun-

602 656 640 672 dum
653 656 746 677 Dionysium
758 658 774 672 ot
785 656 892 674 Aristotelem,
903 656 978 676 quamvis
988 661 1054 673 neemias.

602 681 659 696 Plato
655 686 671 696 111
679 681 745 697 Meuoue
756 681 803 696 aliter
813 681 869 696 tradat.
878 681 929 699 Quum
940 685 978 701 ergo
985 677 1012 704 *jf‘
1015 680 1053 704 3²00,ss

602 705 623 720 sit
630 705 672 721 Deus
680 709 728 726 super
735 705 790 721 omnia
799 705 883 721 sensibilia
890 707 937 725 atque
945 709 978 721 cre-
984 709 1012 720 uin·
1016 713 1025 720 ε.
1031 713 1039 720 ι.

602 731 627 745 ata
641 729 719 745 exaltatus
733 732 749 745 et
761 730 839 748 elevatus,
852 734 881 750 per
894 734 912 745 se
923 730 977 750 ipsum

198 755 242 771 bilia.
254 755 312 776 Aptius
323 759 392 776 namque
404 755 445 773 dico,
455 755 497 770 Deus
508 759 540 770 non
550 755 575 770 est
583 752 611 769 Ca
623 754 669 769 nohis
682 754 756 774 cognosci
769 758 800 770 nou
816 756 868 775 potest
882 759 912 770 uec
926 754 977 770 1101111-

198 785 262 801 corpus,
275 784 329 801 quam,
341 780 382 796 Deus
395 784 427 796 nou
439 781 463 795 est
475 779 574 799 substantin;

198 805 240 820 Deus
253 809 284 820 nou
297 806 321 820 est
337 809 398 823 sensus,
413 809 467 825 quam.
483 804 525 820 Deus
542 808 574 819 non

198 831 223 845 est
238 834 283 845 meus
297 833 326 845 seu
338 829 440 848 intellectus,
453 829 494 844 Deus
506 833 538 844 nou
551 830 575 844 est

198 854 257 872 anima,
267 858 322 874 quam,
334 853 375 869 Deus
386 858 417 869 non
429 855 453 869 est
463 853 524 872 forma3
532 853 574 869 Deus

198 882 230 894 11011
241 880 266 894 est
278 878 342 897 stultus,
354 882 409 898 quam,
419 878 461 893 Deus
471 882 503 893 non
516 879 540 893 est
550 882 574 893 sa-

199 903 249 923 piens.
258 903 311 919 Nihilo
322 903 375 918 miuus
386 903 402 918 in
410 902 436 918 via
446 902 532 918 ablationis
541 907 575 918 0111-

199 927 225 943 nia
243 927 277 943 haec
295 929 343 948 atque
362 927 421 942 similia
438 927 537 947 abuegantur
555 926 574 942 de

199 952 242 971 Deo3
253 954 268 967 et
280 954 340 972 quanto
352 951 402 972 magis
413 951 520 970 ascendimus,
531 953 575 967 tanto

199 981 252 992 sermo
260 976 329 997 amplius
336 976 445 994 abbreviatur,
453 976 503 992 donec
510 976 575 991 taudem

199 1001 253 1017 omnia
269 1001 317 1016 etiam
334 1005 397 1016 summa
411 1000 431 1016 de
445 1000 477 1016 Deo
492 1002 574 1021 neg-ntes,

201 1026 252 1046 ipsam
260 1025 370 1046 ingrediamur
377 1025 496 1046 superlucidam
504 1025 575 1041 divinam

602 779 636 794 nari
643 783 647 798 ;
655 779 683 795 sed
694 781 742 800 prout
753 779 769 795 in
779 779 813 794 suis
823 779 881 795 creatis
892 778 978 795 effectibus

602 803 663 819 relucet
670 803 777 824 cognoscitur,
785 806 801 819 ct
810 805 918 819 creaturarum
926 804 978 819 nomi-

602 828 650 844 nihus
662 828 756 849 explicatur.
770 828 810 847 Quin
825 828 873 848 igitur
888 828 929 844 Deus
943 828 978 849 glo-

602 852 654 868 riosus
668 853 744 869 universa
758 855 810 869 creata
822 853 978 874 superessentialiter

602 879 618 893 et
633 877 696 893 infinite
708 878 812 896 transcendit,
824 879 887 893 constat
901 878 943 898 quod
958 882 978 893 ex

602 902 680 918 creaturis
689 902 727 918 sciri
738 904 807 923 nequeat
817 902 855 923 quid
865 902 891 921 sit,
899 902 927 918 sed
938 902 978 923 quid

602 931 634 942 non
645 926 666 942 sit
674 931 678 942 :
686 927 742 947 sicque
753 931 781 947 per
791 927 864 942 omnium
874 932 910 947 quae
918 927 934 942 in
944 931 977 942 cre-

602 951 652 967 aturis
667 951 770 972 reperiuntur
783 951 886 969 ablationem,
899 951 978 967 excellen-

603 976 634 991 tius
646 976 722 991 noscitur.
734 976 790 992 Melius
804 981 842 996 ergo
852 978 900 997 atque
912 976 978 997 profun-

603 1000 639 1016 dius
653 1000 694 1019 dico,
711 1000 751 1016 Deus
769 1005 800 1016 non
818 1003 842 1016 est
856 1000 924 1019 bonitas,
939 1001 977 1019 vita,

603 1025 687 1045 sapientia,
695 1024 782 1043 beatitudo,
793 1027 830 1043 etc„
839 1030 893 1046 quum,
902 1025 943 1041 Deus
954 1027 978 1041 est

200 1050 292 1071 caliginem,
308 1050 415 1070 uniamurque
427 1050 459 1065 Deo
471 1050 513 1065 sicut
524 1050 575 1065 omni·
583 1049 596 1064 D
603 1049 671 1068 bonitas,
680 1049 718 1068 vita,
726 1050 810 1070 sapientia,
819 1049 904 1066 beatitudo⁴
913 1050 952 1065 Nam
961 1050 977 1065 in

199 1080 220 1091 no
231 1074 310 1091 ineffabili
318 1076 366 1095 atque
378 1074 436 1095 ignoto.
445 1074 477 1090 Hoc
488 1074 532 1090 enim
540 1074 575 1090 Dio-

199 1100 255 1120 nysius
266 1099 337 1120 capitulo
350 1099 397 1115 tertio
409 1099 478 1120 Mysticae
492 1099 575 1119 theologia

199 1124 264 1140 deducit
280 1128 284 1139 z
300 1123 324 1139 lbi
335 1123 405 1144 (scilicet
422 1124 438 1139 in
453 1123 479 1139 via
494 1123 574 1144 positiva),

200 1149 281 1169 inquiens,
292 1153 301 1164 1
315 1148 394 1169 superiori
407 1148 426 1164 nd
439 1148 495 1164 ultima
509 1148 575 1164 descen-

199 1174 239 1189 dens
254 1177 312 1191 sermo,
325 1173 414 1188 secundum
429 1172 534 1193 quantitatem
549 1173 575 1188 de-

200 1198 288 1214 scensionis
302 1197 402 1213 dilatabatur.
418 1197 462 1213 Nuuc
476 1199 529 1213 autem
545 1197 574 1217 (vi-

199 1222 258 1238 delicet
270 1222 286 1237 in
300 1222 327 1237 via
341 1221 422 1241 ablativa),
436 1221 456 1237 ab
471 1221 575 1237 interioribus

199 1247 219 1263 ad
226 1251 320 1268 supremum
328 1246 513 1264 ascendens,secundu1n
521 1251 575 1262 ascen-

199 1271 249 1288 sionis
261 1275 353 1287 mensuram
364 1271 460 1291 corripitur,
468 1272 484 1286 et
495 1273 531 1291 post
540 1275 575 1286 om-

200 1301 237 1313 nem
248 1295 364 1314 ascensionem,
373 1297 415 1311 totus
423 1295 457 1311 sine
468 1299 507 1312 voce
514 1296 550 1314 erit,
558 1298 575 1312 et

199 1321 269 1337 totaliter
278 1320 358 1336 ineflabili
368 1320 437 1336 unietur.

603 1074 673 1090 secunda
687 1074 732 1095 quasi
745 1074 838 1095 designatur
850 1075 891 1090 Deus
903 1079 938 1090 esse
949 1074 979 1090 111-

603 1099 647 1119 quid,
656 1101 672 1114 et
679 1098 727 1114 rebus
735 1099 792 1115 creatis
801 1099 817 1114 in
826 1099 881 1120 aliquo
888 1099 946 1115 similis
953 1104 978 1115 es-

603 1128 620 1139 se
629 1128 632 1139 :
640 1123 668 1144 qui
679 1125 732 1139 tamen
743 1128 792 1144 super
802 1124 855 1139 omnia
865 1126 894 1142 cst,
902 1126 950 1144 atque
957 1124 978 1140 ab

603 1148 678 1164 omnibus
685 1148 719 1163 suis
726 1147 812 1164 effectibus
822 1148 886 1164 infinita
895 1148 978 1169 disparita-

603 1174 617 1188 te
628 1174 644 1188 et
653 1172 741 1188 eminentia
750 1175 846 1193 segregatur.
855 1173 872 1188 ln
880 1173 932 1193 prima
940 1177 978 1189 vero

603 1197 675 1213 innuitur
687 1197 728 1212 Deus
739 1201 771 1213 uon
782 1202 817 1213 esse
829 1197 852 1213 sic
862 1197 930 1216 bouitas,
939 1198 977 1216 vita,

602 1221 680 1242 sapientia
688 1223 704 1237 et
711 1221 799 1239 beatitudo,
806 1223 825 1237 nt
834 1224 891 1240 cetera,
900 1224 916 1237 et
924 1224 941 1237 ut
948 1226 978 1238 nos

603 1246 692 1266 intelligere
708 1246 820 1266 aestimareque
837 1251 932 1267 possumus;
949 1247 977 1262 sed
1002 1249 1011 1256 ⁶

602 1275 639 1286 cum
650 1270 799 1291 supersubstantiali
811 1275 883 1289 excessu,
895 1276 931 1287 eum
943 1271 978 1287 fou-

601 1295 629 1311 tali
644 1295 742 1314 causalitate,
755 1300 792 1311 cum
806 1295 869 1311 infinita
881 1298 897 1311 et
911 1300 977 1317 prorsus

602 1320 683 1341 incognita
694 1322 742 1340 atque
755 1320 914 1341 incomprehensibili
926 1321 977 1342 pleni-
