1083 1563
43 1145 72 1156 sm,
82 1145 96 1158 n.

32 1161 81 1175 diuum
88 1163 96 1172 ι.

176 136 290 148 conruunt!
301 136 317 148 ΙΝ
327 136 384 148 mlum!
395 137 416 148 Al>
427 136 468 148 unm(
479 136 590 148 conionum
600 136 700 148 THEOLssGlCA.
709 141 729 143 —
736 136 771 148 ΛΒΤ.
779 136 800 147 ΧΧ

848 131 877 147 1Ιὸ

100 178 200 194 diversorum
208 178 294 194 chororum
304 178 358 199 speeie
367 178 439 197 differre,
447 178 475 194 sed
483 179 495 194 A
503 183 551 199 quam
566 179 639 199 sequitur
653 178 723 199 perfect-a
737 178 834 198 jucunditas.
850 177 877 193 Est

100 207 130 218 non
139 203 187 219 unius
195 203 245 219 chori.
254 203 285 219 Alii
294 205 348 219 autern
358 205 432 219 asserunt
441 203 475 218 nul-

100 227 132 243 lum
140 228 216 248 angelum
226 232 263 243 curn
275 228 306 243 alio
317 227 404 243 convenire
415 228 430 243 in
442 232 476 248 spe-

99 252 128 268 cie⁴
137 252 157 268 Et
168 252 202 268 lame
214 252 273 273 positio
283 252 331 268 dictis
343 252 475 273 philosophorum

99 278 114 292 et
127 277 198 297 Dionysii
213 279 295 293 consonat.
309 277 394 297 Dionysius
406 281 475 297 namque

98 301 161 317 decimo
168 301 240 322 capitulo
247 301 319 317 Coelestis
327 301 475 319 nien-archinimum

99 325 115 341 in
126 326 183 341 eodem
195 326 244 341 choro
255 326 301 346 ponit
312 326 377 346 primos,
386 326 447 341 medios
457 330 475 341 ac

99 350 169 366 ultimos.
183 350 202 366 Et
214 350 247 366 haze
260 350 318 371 positio
331 350 420 366 necessaria
434 352 459 366 est
471 355 475 366 1

99 379 136 390 nam
144 379 194 395 quum
203 379 234 390 uon
242 375 263 391 sit
271 375 286 391 in
294 375 356 395 angelis
364 375 435 393 materia,
444 379 475 390 non

100 401 152 420 potest
160 399 176 415 in
184 400 208 415 eis
218 404 253 415 esse
262 400 345 415 distinctio
356 400 386 415 nisi
398 399 475 417 formalis,

99 429 135 444 quie
152 424 236 440 constituit
252 424 361 440 diversitatem
376 424 475 445 specificam.

99 449 146 464 Nulla
154 449 198 464 enim
206 449 257 465 forma
265 449 382 470 multiplicatur
389 449 476 465 seeundum

100 478 192 492 numerum,
201 473 232 489 nisi
240 475 287 494 prout
295 474 311 489 in
319 474 385 489 materia
393 473 475 494 recipitur.
485 475 497 491 B

100 498 178 518 Denique,
194 502 244 518 quum
261 498 294 513 sint
310 498 362 518 angeli
380 498 476 518 incorporei,

99 523 148 538 etiarn
160 522 174 538 si
186 522 276 538 materiales
287 525 346 541 essent,
358 524 411 538 tamen
423 523 477 543 specio

99 547 186 563 convenire
199 551 230 563 non
242 549 321 568 possent:
332 547 408 568 quoniam
421 549 477 563 natura

99 572 177 593 specifica
194 576 225 587 non
243 574 338 587 numeratur
352 572 368 587 in
383 572 476 590 individuis,

100 596 131 612 nisi
147 598 195 617 prout
207 596 284 617 recipitur
299 597 314 612 in
327 596 395 612 diversis
407 596 477 612 materia)

101 621 180 641 partibus.
189 621 276 636 Diversitas
285 623 339 637 autern
349 621 418 641 partium
429 623 477 636 male-

101 646 129 661 riae
136 646 254 661 dimensionem
263 645 351 666 praeexigit,
359 646 397 666 quia
404 645 477 661 substan-

101 671 124 686 tia
138 670 173 686 sine
185 670 286 686 dimensione
298 672 363 691 accepta
375 670 478 686 indivisibilis

101 697 131 713 est,
144 695 187 710 sicut
197 695 249 715 primo
261 695 364 715 Pbysicorum
376 695 398 710 ait
410 695 478 711 Philoso-

102 719 149 740 phus.
163 720 208 737 ltem,
220 719 304 735 diversitas
316 719 436 735 individuorum
448 719 478 735 sub

102 749 134 760 una
147 744 208 765 speeie,
222 746 247 760 est
261 745 326 765 propter
340 745 478 760 conservationem

503 205 556 219 tamen
568 203 584 219 in
594 203 655 223 angelis
666 203 739 224 quoedam
750 203 822 219 societas.

522 227 641 243 Advertendum
655 230 680 243 est
694 230 753 246 autern,
768 227 811 248 quod
825 226 878 247 angeli

503 252 601 268 conveniunt
608 252 624 268 in
632 257 695 272 genere,
703 252 741 273 quia
748 254 786 268 sunt
793 252 810 267 in
820 256 878 271 genere

503 277 601 292 substantia.
610 277 629 292 Et
636 277 705 293 sumitur
713 277 728 292 in
737 277 760 292 eis
767 276 808 292 ratio
815 276 879 297 generis

503 301 523 317 nb
531 301 605 319 essentia.
614 301 703 317 seeundum
711 301 753 322 quod
762 301 796 322 ipsa
804 303 828 317 est
835 301 879 321 quod

503 328 532 343 ese,
544 328 559 341 et
572 330 600 346 per
613 326 678 341 modum
691 326 765 346 potentias
777 330 794 341 se
807 325 878 345 habens;

503 350 596 366 differentia
607 352 667 368 autem.
679 352 727 371 prout
738 350 780 366 actui
792 350 878 371 appropin-

504 375 569 395 quatln
577 375 671 390 substantiis
679 379 717 390 vero
724 374 823 395 compositis,
828 379 878 395 quum

505 399 520 414 in
528 399 552 415 eis
559 399 580 415 sit
588 399 658 420 potentia
665 404 685 415 ex
693 401 738 420 parte
746 399 821 417 materis,
828 403 879 419 genus

504 424 574 439 sumitur
589 428 598 439 a
610 424 686 443 materia3
699 423 790 439 differentia
804 425 857 439 autem
870 427 879 439 a

504 448 561 464 forma.

605 512 727 529 ARTICULUS
738 512 777 528 XX.

505 547 574 564 Quando
583 547 638 566 primo
649 548 704 566 lactus
712 548 734 562 ait
744 548 812 567 anqelua
821 548 879 563 malua

541 596 648 612 tonmmffl
665 598 699 612 erat
713 597 777 617 positio,
792 597 857 617 angelos
872 602 881 613 a

506 595 539 646 Q
548 622 580 637 Deo
593 621 642 637 malos
656 623 722 637 creatus.
736 621 765 637 Sed
778 622 808 637 hoc
820 621 881 638 haereti-

505 650 542 661 eurn
553 648 583 664 est,
591 648 607 661 et
618 648 672 661 contra
682 646 765 662 rationem⁴
774 646 811 662 Ideo
821 646 847 662 alii
858 646 881 662 di<

506 672 569 688 xerunt,
577 670 651 690 angelum
663 670 679 686 ia
692 671 744 691 primo
753 670 838 686 creationis
848 673 888 687 sun·

506 695 571 711 instanti
580 695 639 710 factum
650 695 710 711 malum
720 699 723 711 :
732 699 764 711 non
771 700 781 711 a
788 695 826 714 Deo,
834 695 861 711 sed
872 700 882 711 a

506 719 571 740 propria
585 719 671 735 voluntate⁴
685 719 715 735 Sed
729 720 788 740 positio
801 719 830 735 isia
842 720 882 736 falsa

506 746 530 759 est
539 748 542 759 :
551 744 597 764 cujus
606 744 683 760 rationem
691 744 757 764 quidam
767 744 855 765 assignant,
863 749 882 760 eo

102 771 198 790 perpetuam
206 768 272 789 speciei,
280 771 296 784 et
304 769 319 784 in
328 768 478 790 incorruptibilibus
487 771 498 787 c
506 768 548 789 quod
556 768 624 784 duarum
631 769 743 789 operationum
755 773 772 785 se
783 773 883 790 consequen—

102 794 155 810 locum
167 798 199 809 non
211 793 263 809 hebet.
272 794 337 812 Rursus,
345 794 434 809 secundum
445 794 478 809 Ari-

101 818 176 834 stotelem
193 818 246 839 primo
259 818 304 836 Coeli,
319 818 392 839 quiedam
406 822 478 839 corpora.

101 843 165 859 seilicet
179 843 256 861 caelestia,
271 844 303 858 tam
318 843 389 863 perfecta
403 845 446 861 sunt,
462 845 479 858 ut

101 867 143 883 nihil
151 872 184 883 sum
192 869 253 883 natura*
260 867 281 882 sit
288 869 332 883 extra
340 872 364 885 ea,
372 867 410 888 quia
417 869 479 883 constat

101 897 122 908 ex
132 894 165 908 tota
177 896 206 907 sue
218 891 285 907 materia
295 896 298 907 :
309 896 346 912 ergo
359 891 410 907 multo
421 891 479 907 fortius

101 919 148 932 extra
155 916 231 936 angelum
239 916 279 931 nihil
287 921 320 932 sum
328 916 387 937 speciei
395 918 478 937 est,quurn

102 941 124 957 sit
136 941 223 962 perfectior
234 940 271 956 illis.
283 940 355 961 lnsuper,
367 945 417 961 quum
427 940 479 962 perfe-

101 966 135 981 ctio
143 965 214 981 universi
221 965 312 980 attendatur
320 965 336 980 in
344 964 378 980 suis
387 965 478 986 speciebus.

103 990 153 1010 magis
161 991 228 1010 apparet
238 989 292 1005 divina
302 989 364 1005 bonitas
374 989 390 1004 in
400 989 453 1007 rebus,
463 990 478 1005 in

102 1015 133 1030 hoc
146 1014 189 1035 quod
201 1014 253 1034 angeli
265 1014 344 1029 differunt
358 1014 418 1034 speeie,
431 1019 479 1035 quam

102 1039 116 1055 si
128 1041 182 1055 essent
193 1038 241 1054 unius
252 1038 312 1059 speciei
323 1040 391 1054 tantum.

506 793 547 809 tium
557 797 588 809 non
599 795 650 814 potest
662 798 697 809 esse
710 794 751 809 idern
763 794 841 809 terminus
852 798 855 809 z
866 796 882 809 et

506 818 529 833 sic
537 818 608 838 operatio
615 818 667 838 angeli
676 820 691 834 et
699 818 758 834 creatio
766 818 829 838 ejus,ad
834 822 882 838 quam

506 843 578 863 operatio
592 842 627 863 ejus
644 843 753 863 consequitur,
768 847 799 858 non
815 844 882 863 possunt

507 867 566 883 habere
578 867 620 883 idem
633 867 693 883 instans
709 867 725 882 in
740 871 773 887 quo
786 867 883 883 terminetur

506 892 542 912 ejus
554 892 619 909 creatio,
629 893 645 907 et
655 892 671 907 in
681 896 713 912 quo
726 892 778 912 primo
790 892 811 907 sit
824 892 881 910 malus,

506 916 549 937 quod
560 918 584 931 est
596 916 674 931 terminus
686 916 787 937 operationis.
799 916 829 931 Sed
842 916 882 931 ratio

507 941 540 956 ha³c
548 945 580 956 non
588 940 651 956 videtur
659 945 716 961 cogens
725 945 729 956 τ
737 940 775 961 quia
783 945 833 960 quum
844 944 883 961 ope-

507 965 547 981 ratio
557 965 609 985 angeli
621 969 652 980 non
664 965 685 980 sit
695 965 776 983 continua,
784 965 811 980 sed
824 965 882 981 instan⁴

507 992 558 1008 tanea.
571 994 602 1005 non
617 989 673 1005 differt
687 989 722 1009 ejus
737 989 815 1005 terminus
830 994 838 1005 a
853 994 883 1005 suo

507 1014 588 1035 principio
594 1018 598 1034 ς
605 1016 621 1030 et
629 1014 664 1029 ideo
674 1014 716 1029 sicut
723 1014 827 1034 principium,
836 1014 859 1030 sic
866 1016 883 1030 et

507 1039 586 1055 terminus
591 1039 626 1059 ejus
632 1040 684 1059 potest
692 1038 781 1054 simulesse
786 1043 823 1054 cuin
829 1038 882 1054 lerrni<

124 1064 140 1080 Si
150 1064 218 1082 dicatur,
226 1063 269 1084 quud
280 1063 351 1084 perlecta
361 1063 446 1079 delectatio
456 1068 479 1080 re-
488 1066 500 1081 D
507 1068 528 1080 nc
536 1064 626 1080 creationis.
635 1063 667 1079 Nec
674 1065 737 1084 oportet
744 1063 787 1084 quod
794 1064 882 1084 apprehen-

103 1089 154 1110 quirit
166 1090 227 1104 nutura
239 1088 342 1106 consortium,
353 1090 369 1103 et
379 1088 403 1104 sic
412 1088 479 1109 angelis,

104 1114 121 1129 iu
131 1113 191 1134 quibus
202 1115 226 1128 est
236 1117 299 1128 summa
311 1112 370 1131 laeiitia,
378 1113 409 1128 erit
420 1115 480 1129 natum

104 1138 190 1157 {deaut-nu
205 1137 292 1158 respondet
305 1137 379 1156 Thomas,
392 1138 434 1158 quod
446 1143 480 1154 ver-

104 1163 143 1179 bum
152 1163 192 1178 illud
200 1162 256 1180 Boetii,
265 1162 327 1178 Nullius
338 1162 359 1178 rei
371 1162 406 1178 aine
417 1167 480 1179 consor-

103 1188 128 1204 tio
137 1189 189 1208 potest
201 1191 236 1203 esse
247 1186 318 1207 jucunda
330 1187 416 1207 possessio,
427 1187 480 1203 locum

103 1217 136 1228 non
149 1212 197 1228 habet
209 1211 241 1227 nisi
253 1211 270 1227 in
283 1211 315 1227 ilus
327 1216 395 1232 quorum
409 1212 481 1232 operatio

104 1237 160 1258 nequit
171 1237 207 1252 sine
216 1236 282 1252 alterius
292 1236 372 1256 adjutorio
383 1241 417 1252 ease
430 1236 481 1257 perfe-

104 1265 141 1278 cta:
151 1264 168 1278 ut
179 1263 204 1277 est
214 1261 268 1279 bomo,
279 1261 306 1281 qui
317 1266 346 1282 per
356 1265 373 1277 se
384 1261 437 1282 ipsum
449 1266 481 1277 non

104 1287 167 1303 sufficit
179 1286 199 1302 ad
211 1286 321 1307 operationem
334 1286 403 1306 propi-im
416 1286 479 1307 speciei.

104 1312 134 1328 Sed
144 1312 160 1328 in
171 1311 234 1331 angelis
245 1311 275 1327 hoe
288 1315 319 1326 non
332 1311 419 1331 requiritur
430 1315 433 1326 ε
444 1311 481 1331 quia

104 1337 164 1353 habent
177 1336 194 1352 in
207 1340 224 1351 se
236 1336 345 1356 operationem
358 1335 451 1356 perfectam,
461 1336 481 1351 ad

508 1089 531 1105 sio
539 1089 619 1109 praecedat
626 1090 679 1104 actum
687 1088 779 1107 voluntatisy
787 1088 818 1104 nisi
826 1088 882 1104 ordine

508 1115 573 1132 naturas,
582 1113 620 1134 quia
629 1113 649 1129 de
660 1113 716 1128 eodem
728 1114 780 1133 potest
789 1113 838 1129 sirnnl
847 1117 882 1129 esse

508 1138 577 1158 cognitio
587 1140 603 1153 et
612 1138 689 1153 voluntas*
698 1137 730 1153 Nec
741 1139 803 1158 oportet
812 1138 883 1154 collatio-

508 1167 545 1178 nem
554 1162 642 1183 proecedere
650 1162 669 1178 de
676 1162 772 1183 appetendo,
778 1167 828 1183 quum
837 1167 883 1183 ange-

509 1187 533 1203 lus
541 1191 572 1203 non
580 1187 601 1202 sit
608 1187 711 1207 inquisitivus
718 1188 746 1202 aut
753 1187 841 1203 eollativus.

528 1212 565 1227 ldeo
572 1211 618 1227 aliter
625 1211 762 1232 dicendum,quod
769 1216 819 1232 quum
827 1211 884 1227 volun-

509 1239 532 1252 tas
544 1238 620 1257 sequatur
631 1236 776 1256 apprehensionem
787 1236 883 1255 intellectus,

508 1261 583 1277 voluntas
597 1261 670 1277 mstimati
683 1261 720 1276 honi
733 1266 768 1281 quaa
780 1266 847 1277 erronea
860 1263 884 1277 est

508 1288 556 1307 alque
573 1285 665 1307 culpabilis,
683 1290 714 1301 non
731 1287 782 1306 potest
796 1286 813 1302 in
827 1286 884 1307 angelo

510 1311 601 1327 immediate
609 1311 654 1331 sequi
663 1310 730 1331 primam
738 1311 883 1331 apprehensionem

511 1335 601 1351 intellectus
613 1340 616 1351 :
627 1335 665 1356 quia
676 1335 703 1350 illa
714 1337 738 1351 est
751 1336 840 1352 necessario
849 1336 883 1352 veri
