1083 1563
156 713 177 723 ιιι.
182 716 188 723 v

201 118 221 135 ΔΞ
389 123 409 136 ns
419 123 481 135 turum
492 123 551 135 annm
562 123 581 134 ιτ
591 122 626 134 vni
638 122 668 134 nni.
680 127 700 130 —
710 123 745 134 uu.
756 123 794 134 xxiv

203 166 294 182 nil'ormiter
301 166 428 187 simpliciterque
436 166 524 187 perfectus:
531 165 578 186 cujus
585 165 597 181 A
605 165 658 186 primo
671 168 707 182 ente
720 165 831 186 imperfectius
843 167 885 181 esset
895 170 899 181 z
909 165 953 186 quia,
963 166 981 180 ut

202 191 294 211 oppositum
307 191 398 207 Aristoteles
408 192 425 206 et
434 190 512 206 Averroes
521 190 578 211 quinto

202 215 258 231 rrinm
276 215 382 236 philosophias
399 215 499 231 concorditer
517 215 578 231 adstru-

202 241 236 255 unt>
243 239 320 260 Denique,
328 240 370 261 quod
378 240 411 256 enti
420 244 448 260 per
455 244 472 255 se
480 241 496 255 et
503 239 578 255 naturali-

201 266 226 280 ter
233 264 314 285 competit,
319 269 351 281 non
359 266 410 285 potest
416 269 451 280 esse
458 264 554 280 minoratum
562 264 577 279 in

202 289 242 309 ipsa
250 289 295 307 Quod
304 289 348 305 enim
358 291 382 305 est
392 294 421 310 per
429 294 451 308 se,
459 291 484 305 ost
493 289 564 309 primum
573 292 577 304 z

202 313 273 334 primurn
284 315 343 332 eutem,
355 313 371 329 in
382 314 426 329 omni
439 313 494 329 ordine
507 315 531 329 est
543 317 577 334 per-

202 337 268 353 fectum.
281 338 340 354 Natura
354 338 403 354 etiam
418 338 505 358 cujuslibet
519 338 548 356 rei,
561 338 577 353 in

202 362 298 378 indivisibili
309 362 387 381 consistit,
395 362 437 378 sicut
446 364 463 378 et
473 362 513 378 ratio
523 367 579 378 nume-

202 386 215 402 ri
225 391 228 402 :
237 391 275 402 nem
282 387 324 402 sicut
333 387 385 403 unitas
392 387 446 402 addita
453 391 521 402 numero
528 386 579 402 verint

202 411 279 432 speciem,
288 411 310 427 ita
318 411 395 432 perfectio
405 411 458 427 addite
465 411 520 431 generi
529 411 577 427 eliam

202 435 255 451 elficit
267 436 344 456 speciem.
357 436 416 452 Netum
430 436 479 456 igitur
493 436 516 452 rei
531 436 547 451 in
559 440 578 451 eo

604 190 669 206 Procius
676 190 780 208 demonstret.
788 190 811 206 nil
821 190 935 211 imperfectum
944 194 981 206 con-

604 214 680 233 vincitur,
689 214 719 230 nisi
728 214 745 230 in
752 216 831 235 quantum
838 219 847 230 a
855 214 899 230 fonte
906 219 939 230 sum
947 219 981 235 per-

593 249 598 253 «
605 239 679 255 fectionis
687 239 775 260 elongatur.
784 239 803 255 Et
810 244 848 260 ergo
855 239 898 260 quod
908 239 939 255 sihi
949 238 980 260 ipsi

605 266 629 280 cst
636 269 684 280 cause
691 266 708 280 et
717 264 757 280 ratio
766 264 859 283 exsistendi,
868 264 980 285 imperfectum

605 293 640 305 esse
652 293 684 305 non
697 291 754 309 potest,
764 293 794 304 nec
806 289 842 304 aliis
853 289 918 309 indiget,
928 293 981 309 neque

605 313 625 329 de
632 313 726 329 necessitate
737 313 768 329 sub
778 313 834 329 ordine
845 313 892 329 eadit.
901 322 920 324 —
927 313 980 331 Porro,

605 338 618 354 si
627 338 705 354 mundum
713 342 747 354 esse
755 340 832 356 ereetum,
840 340 865 354 est
871 338 923 354 solum
931 337 981 353 credi-

604 364 645 381 tum,
660 362 741 383 quomodo
757 362 825 383 gentiles
842 362 933 383 philosophi
951 362 980 377 huc

604 388 716 408 agnoverunt!
727 387 783 403 Nonne
797 387 879 402 Avicenna
890 389 906 402 et
918 386 980 407 Algezel

605 411 659 427 omniu
671 416 707 427 esse
721 413 774 427 create
785 412 875 427 tesunturv
887 411 943 427 Nonne
955 411 981 426 Al-

606 436 694 457 phorahius
701 441 719 451 sc
729 436 853 456 Theophrastus,
861 440 909 451 omne
920 435 981 451 bonum

203 460 275 481 perfecta
282 460 345 476 exsistit
351 460 393 481 quud
403 461 423 476 ed
433 460 535 476 essentialem
543 465 578 481 per-
587 461 599 477 B
606 460 690 479 deficiens,
701 465 710 476 n
722 465 762 481 pure
774 460 845 476 bonitate
857 465 893 481 quoe
905 460 947 476 neus
957 462 982 476 est

203 485 244 501 tinet
258 485 374 505 perlectionem
389 485 445 506 ipsius.
459 485 511 504 Ouum
525 485 579 506 itaque

203 510 231 526 Dei
243 511 299 525 nature
313 510 334 526 sit
347 509 415 529 bonitas,
428 512 444 526 et
459 510 500 526 Deus
515 510 579 526 henedi-

203 536 244 553 ctus,
256 534 277 550 sit
288 534 414 551 substantialiter
424 539 442 550 nc
453 534 579 555 independenter

203 559 257 579 ipsum
270 563 315 579 esse3
328 559 405 575 elucescit
418 559 460 580 quod
475 559 538 575 bonius
551 559 578 575 Dei

203 585 220 599 et
234 588 269 599 esse
284 584 363 603 divinum,
378 584 398 600 ab
414 584 459 600 omni
474 584 579 600 minoratione

203 610 219 624 et
231 608 264 624 fine
276 613 295 624 ae
308 608 430 629 imperfectione
441 608 503 629 longius
514 608 578 624 distent.

204 633 248 651 Quod
263 635 316 649 nutem
328 633 394 649 finitum
406 635 435 652 est,
448 633 468 649 ah
483 633 548 649 infinito
563 633 578 648 in

204 657 287 673 infinitum
300 658 387 673 minoratur
399 662 418 673 ac
430 657 486 673 deficit
498 662 502 673 z
513 657 579 673 nullate-

204 687 235 698 nus
246 687 284 703 ergo
294 683 336 698 Dens
347 682 403 698 finitus
414 684 443 698 est.
454 682 527 703 Insuper,
537 682 580 698 sicut

190 716 196 723 .4
204 708 286 722 ostensum
298 708 327 725 est,
338 706 354 723 id
368 711 400 727 que
413 707 465 727 majus
479 708 526 727 etque
539 711 579 727 prae-

204 731 272 747 stamius
280 731 346 751 cogitari
356 736 387 747 non
398 731 445 750 valet,
453 733 477 747 est
485 731 526 747 Deus
535 736 538 747 :
547 736 579 747 non

606 490 689 501 emuna-sse
696 485 777 501 retenturi
785 485 841 501 Nonne
848 484 891 500 Plato
903 485 981 500 mundum

606 509 705 528 sensibilem,
716 514 725 525 e
737 509 797 525 mundo
809 509 837 525 illo
850 509 961 527 mundissimo,
972 514 982 525 a

607 535 666 550 mundo
684 534 739 555 utique
756 534 850 555 exemplari,
869 534 916 550 ideali
933 535 981 554 atque

606 559 693 580 archetypo
700 559 728 580 qui
736 559 753 574 in
761 561 814 575 mente
821 559 876 574 divine
882 560 912 576 est.
918 563 981 579 proces-

606 584 646 600 sisse
653 584 740 599 dissei-uiti
747 583 803 599 Nonne
811 583 929 599 Commentnwr
936 583 952 599 in
963 583 981 598 li-

606 608 635 624 bre
650 608 670 624 de
684 608 776 624 Substantia
790 607 834 623 orbis
847 607 923 626 affirmet,
938 607 981 628 quod

606 637 690 653 nunquam
704 632 736 648 fuit
751 633 771 648 de
788 632 877 648 intentione
892 632 982 648 Aristotelis

606 657 665 676 dicere,
676 657 719 678 quud
729 657 788 673 coelum
799 657 897 678 dependeret
909 662 918 672 n
930 656 982 677 primo

607 682 687 702 principio
704 681 756 697 solum
773 683 852 702 quantum
866 681 885 697 ed
899 686 982 697 conservu-

606 706 672 725 tionem,
681 708 697 722 et
707 711 739 722 non
748 706 797 722 etiam
804 708 883 727 quantum
893 706 912 721 ad
924 706 982 726 produ-

606 731 685 746 ctionem?
692 731 736 747 Unde
744 731 760 746 in
767 730 808 746 libro
814 730 834 746 de
842 730 885 746 Coelo
892 732 908 746 et
915 730 981 746 mundo:

204 758 229 771 est
238 760 276 776 ergo
285 755 348 774 finitus,
356 760 406 776 quum
416 756 460 771 omni
470 756 517 771 finite
527 756 579 776 mnjus
588 755 599 771 C
606 755 630 771 Ab
640 755 670 771 hoc
680 755 748 776 (inquit)
758 757 794 771 ente
805 755 881 771 omnibus
893 755 982 771 derivatum

204 782 221 796 et
234 780 298 801 dignius
313 780 376 801 concipi
391 782 445 801 queat.
458 780 513 796 Adhuc
525 782 578 796 eutem

160 812 196 820 mxu.
204 807 286 821 ostensum
294 807 323 823 est,
328 805 370 826 quod
378 809 426 821 omne
433 809 468 821 esse
476 806 515 821 citra
523 805 578 823 Deum,

203 834 212 845 u
225 829 257 845 Deo
269 834 298 850 per
312 829 409 845 creationem
421 829 496 849 eifluxit;
508 831 525 845 et
536 829 579 850 quod

203 856 246 870 totus
261 854 331 869 mundus
345 855 454 872 conservetur,
466 854 550 870 ordinetur
563 856 579 870 et

203 878 301 899 gubernetur
309 878 413 897 nDeo.0num
421 883 458 899 ergo
466 878 524 894 creatio
531 878 553 894 sit
560 878 579 894 de

203 907 235 918 non
248 907 283 918 esse
295 903 314 918 nd
326 907 362 919 esse
374 903 463 924 productio,
476 903 516 919 nulli
528 903 579 919 finiiae

203 927 278 948 potentiae
290 927 367 948 competit
375 932 379 943 τ
387 927 464 948 quonium
476 932 507 943 nnn
518 932 554 943 esse
564 929 580 943 et

202 957 243 970 csse,
256 952 272 967 in
287 952 370 967 inlinitum
383 957 393 967 a
405 957 423 968 se
434 952 503 968 invicem
514 952 578 968 distant.

202 977 218 992 Si
231 981 268 997 ergo
281 977 351 997 potentin
364 977 392 992 Dei
405 977 484 992 immense
498 978 528 995 est,
540 978 579 992 tunc

203 1001 259 1021 utique
269 1001 305 1021 ejus
316 1001 385 1017 essentie
396 1001 447 1017 finem
459 1001 525 1022 ignorati

224 1026 267 1041 Unde
281 1026 339 1047 positio
351 1026 457 1046 quorumdum
469 1028 547 1047 quantum
560 1026 579 1042 ed

606 782 631 796 est
638 785 672 796 esse
680 782 696 796 et
703 780 762 796 vivere.
767 780 823 796 Nonne
831 782 911 800 postremo
918 779 983 795 Proclus

607 805 623 820 in
633 804 760 821 Elementatione
771 804 860 825 theologica
870 804 897 823 ait,
906 804 948 825 quod
959 806 982 820 to>

606 831 632 845 tus
646 829 717 845 mundus
729 829 749 845 nb
761 829 844 845 intellectu
852 829 901 849 (lieud
914 829 981 845 dubium

607 854 646 875 quin
660 854 723 874 divino)
738 853 844 869 substantiam
861 853 914 872 habet,
929 856 946 869 et
961 853 982 869 nb

607 879 642 899 ipso
658 878 730 899 procedit
744 883 762 894 nc
777 883 842 899 semper
857 878 948 899 dependat
962 887 982 890 —

607 903 689 922 Praeterea,
700 903 742 923 quod
755 907 787 919 non
799 907 834 918 esse
845 905 860 918 et
873 907 908 918 esse
919 903 935 918 in
947 903 982 918 insi<

607 928 659 944 nitum
667 928 732 946 distant,
741 932 797 943 omnes
808 932 849 948 pene
859 927 950 948 philosophi
960 932 983 943 ns>

607 954 667 968 serunt>
678 952 730 970 Ouum
742 952 786 968 enim
797 952 813 967 in
825 952 870 968 nullo
881 952 982 970 conveniant,

607 977 623 993 in
644 977 727 993 infinitum
745 977 801 997 utique
820 976 884 992 distant.
903 976 982 997 Amplius,

607 1002 649 1017 Deus
659 1003 675 1017 et
685 1004 757 1017 creature
768 1001 784 1017 in
796 1001 878 1017 infinitum
891 1001 956 1019 distent,
968 1003 983 1017 et

607 1028 660 1042 tamen
673 1026 689 1042 in
700 1026 754 1047 aliquo
765 1026 869 1044 conveniunt,
880 1026 948 1041 maxime
959 1030 983 1041 se-

203 1055 279 1072 praesens,
290 1051 306 1066 in
318 1051 370 1066 trihus
380 1051 437 1066 merito
447 1051 526 1071 displicet⁴
535 1051 580 1067 Asse-
587 1050 599 1066 D
607 1051 677 1066 cundum
689 1051 760 1069 Scotum,
773 1050 800 1071 qui
817 1050 862 1071 ponit
873 1055 902 1066 ens
915 1051 983 1067 univoce

203 1077 241 1091 runt
250 1075 300 1093 enim,
311 1075 353 1096 quod
364 1075 413 1091 Deum
425 1080 461 1091 esse
473 1075 541 1091 infinitae
553 1080 580 1096 po-

203 1100 260 1118 tentia,
268 1100 373 1116 demonstrari
381 1104 412 1116 non
421 1100 508 1120 possit,sed
516 1105 580 1121 persua-

203 1124 245 1144 deri;
251 1126 267 1140 et
275 1124 365 1145 item,quod
373 1124 451 1140 mundum
459 1129 494 1140 esse
502 1126 579 1143 creatum,

203 1153 235 1165 non
248 1149 269 1164 sit
281 1149 312 1164 nisi
327 1149 418 1168 creditum;
432 1150 480 1169 atque
492 1149 534 1170 qued
548 1153 579 1165 non

204 1178 239 1189 esse
250 1175 266 1189 et
276 1178 316 1192 esse,
326 1173 389 1190 infinite
400 1178 432 1189 non
443 1173 508 1189 distent.

224 1198 269 1214 Nunc
277 1198 320 1214 enim
328 1198 348 1214 de
356 1198 451 1214 necessitate
459 1198 543 1219 prohntnm
552 1200 579 1216 est,

204 1223 247 1243 quod
264 1223 305 1239 Deus
320 1223 340 1238 sit
354 1223 447 1239 omnimode
463 1223 549 1242 infinitus3
564 1225 580 1239 et

204 1247 247 1268 qued
257 1247 319 1263 nullum
331 1252 360 1263 ens
373 1249 431 1268 praeter
443 1247 499 1266 Deum,
509 1247 530 1263 sit
541 1252 551 1263 a
563 1252 580 1263 se

205 1272 245 1292 ipso,
258 1272 284 1288 vel
299 1272 413 1292 independens.
427 1272 467 1290 lino,
480 1272 493 1288 si
506 1272 581 1292 indepen-

204 1297 244 1313 dens
251 1297 370 1315 consisteret,et
378 1301 386 1312 n
394 1301 411 1312 se
420 1296 454 1317 ipso
461 1301 479 1312 nc
487 1296 581 1312 naturaliter

204 1323 247 1337 esset
261 1321 277 1337 id
290 1321 333 1342 quod
345 1323 375 1340 est,
387 1321 427 1342 fingi
440 1326 472 1337 nen
484 1323 538 1342 posset
552 1326 581 1337 cur

607 1075 690 1096 proedicnri
698 1075 718 1090 de
725 1075 787 1091 eiszcui
796 1077 848 1090 tamen
857 1075 872 1090 in
881 1075 911 1091 hoc
919 1080 983 1091 eonsen-

607 1100 679 1115 tiendum
688 1104 719 1115 non
727 1101 756 1115 est.
765 1099 781 1115 Si
790 1099 844 1120 itaque
855 1099 918 1115 Creator
925 1102 942 1116 et
949 1105 983 1116 ore-

607 1126 652 1140 nturn
663 1124 776 1140 convenientes
784 1124 800 1139 in
808 1124 867 1144 ulique,
876 1124 892 1140 in
900 1124 982 1140 infinitum

607 1149 658 1165 nihilo
666 1149 720 1164 minus
730 1149 794 1167 distent,
805 1149 885 1169 quomodo
892 1153 924 1165 non
932 1154 960 1165 ens
968 1151 984 1165 et

607 1178 641 1192 ens,
650 1178 686 1194 quae
696 1173 712 1189 in
723 1173 767 1189 nullo
778 1173 906 1189 convenientiam
916 1174 984 1190 sortiun-

608 1200 639 1216 tnr,
648 1198 664 1214 in
675 1198 759 1213 infinitum
770 1202 802 1213 non
813 1197 884 1213 distenti

628 1223 741 1238 Verumtamen
754 1222 810 1238 Scotus
823 1227 873 1238 unum
889 1222 927 1238 dicit
941 1223 984 1238 circa

608 1249 704 1268 proesentem
712 1247 795 1263 materiem
804 1247 850 1263 valde
859 1247 919 1263 subtile
926 1249 942 1263 et
950 1248 985 1268 pul-

609 1272 671 1290 chrum,
685 1272 727 1292 quod
740 1272 780 1287 mihi
793 1276 858 1292 semper
869 1272 967 1292 complacuit
980 1277 983 1288 ε

608 1297 651 1312 Inter
661 1300 717 1312 omnes
724 1296 761 1317 (eit)
768 1298 855 1317 conceptus
866 1296 983 1317 perfectionum

609 1326 644 1342 quae
652 1322 685 1338 Deo
692 1321 796 1340 conveniunt,
804 1322 892 1342 conceptus
899 1321 940 1337 entis
947 1321 984 1337 infi-
