1083 1563
219 123 249 139 ¹¹5

293 128 406 140 ιἸΙΔΤΙ-ἸΔΙΙΣΙ
416 128 432 140 ΙΝ
442 128 500 140 onum
510 128 532 139 ΔΙ)
542 128 584 139 Dm
594 127 705 139 coxsmsnsno
715 127 816 139 mmGICA.
824 132 844 135 —
851 127 887 139 ΑΙΤ.
895 127 922 139 ΧΙΧ

219 171 255 187 tion.
263 171 364 187 Substantias
370 175 409 187 vero
419 172 500 192 separatas
510 172 594 186 enumerat
601 171 613 186 Α
622 175 664 186 mam
678 170 806 191 intelligentiam,
818 170 921 187 insufficiens
933 171 958 186 est
968 174 972 185 ε
983 171 1001 185 et

219 195 262 211 sicut
269 196 365 216 philosophi.
373 205 394 207 —
401 196 431 211 Sed
439 195 480 211 fides
490 195 536 211 docet
547 200 594 215 ange-

220 220 272 236 lorum
287 225 378 238 numerum,
394 220 426 236 Deo
442 220 508 241 quidem
522 219 593 238 finitum,

220 244 266 261 nobis
280 247 334 261 autem
349 245 438 263 infinitum,
452 245 494 260 sient
509 244 594 265 Gregorius

219 269 242 285 ait
249 270 265 285 in
272 269 325 290 glossa
330 269 400 285 Danielis
407 270 504 290 septim03et
510 269 594 290 Dionysius

219 294 247 312 ait,
258 298 286 310 eos
297 298 362 310 omnem
373 294 494 310 multitudinem
505 294 593 309 naturalem

218 319 302 337 excedere,
316 319 436 340 quartodecimo
450 319 521 339 capitulo
534 318 596 334 Eierar-

219 343 259 359 chiffl
267 343 341 359 coelestis.
351 344 369 359 Et
377 343 407 359 boc
418 343 501 364 probabile
511 345 540 359 est.
549 343 595 358 Vide-

219 372 255 383 mus
267 368 312 384 enirn
323 372 390 389 corpora
401 368 480 388 digniora,
491 368 553 383 scilicet
565 372 595 383 cce-

220 393 270 411 lestia,
286 393 331 413 quasi
346 392 528 413 improportionabiliter
542 397 596 408 corrn-

219 417 284 438 ptibilia
301 421 368 438 corpora
387 417 469 433 excedere.
487 417 527 432 Nam
545 421 595 437 quum

219 441 330 462 productionis
337 446 390 457 rerum
399 446 446 457 causa
453 441 474 457 sit
481 443 499 456 nt
506 441 523 456 in
530 441 595 456 entibus

621 200 659 215 ergo
667 195 701 216 ipse
708 195 787 214 concedit,
795 200 804 211 a
812 195 865 216 primo
873 195 944 216 potuisse
952 194 999 215 plura

622 220 718 240 procedere3
730 222 746 235 et
761 220 777 235 in
792 220 822 236 hoc
835 220 870 240 ipse
884 219 935 240 magis
950 224 999 239 quam

622 244 703 260 Avieenna
713 244 752 260 fidei
763 244 854 260 concordat.

642 269 760 285 Adrertendum
771 274 809 285 vero
820 271 850 288 est,
860 269 898 290 quia
909 269 924 285 id
936 269 978 289 quod
990 273 1000 284 a

623 294 687 309 Daniele
699 294 781 312 scribitur,
793 294 842 310 Millia
856 294 932 311 millium,
942 295 980 311 ete,
990 298 1060 311 aiz-mni.

622 318 698 339 Dionysio
708 320 724 334 et
737 318 813 339 Gregorio
825 318 883 339 partim
894 318 1000 334 conformiter

623 343 713 363 partimque
727 343 828 359 dissimiliter
842 343 933 363 exponitur.
946 342 1000 362 Siqui-

623 367 659 383 dem
671 367 687 382 in
698 367 728 383 hoc
740 367 843 385 concordant,
851 367 894 387 quod
904 366 999 387 angelorum

623 396 699 407 numerus
707 392 778 407 incertus
785 394 810 407 est
817 391 868 407 nobis.
876 391 907 407 Sed
914 391 974 407 distant
982 391 999 406 in

623 416 658 434 boe,
673 416 711 437 quia
727 416 816 432 secundum
832 416 930 437 Dionysium,
947 420 998 436 quum
1011 421 1062 432 meam.

623 441 687 459 dicitur,
693 441 744 456 millia
751 440 827 459 millium,
833 445 883 456 unum
892 440 936 456 mille
944 440 999 455 multi·
1006 438 1058 448 ”hs-¹¹¹

219 466 277 481 creatis
285 466 348 481 bonitas
355 466 410 481 divina
417 465 492 484 reluceat,
501 465 595 481 rationabile
604 465 615 481 Β
623 465 672 486 plicat
682 465 732 482 aliud.
742 470 760 480 ae
771 465 784 480 si
795 465 861 482 diceret,
874 465 932 480 millies
942 464 999 484 mille;

220 490 288 509 videtur,
302 490 329 505 illa
340 495 376 511 quae
389 490 484 511 perfectiora
496 492 538 508 sunt,
549 490 596 505 vehe-

220 515 290 531 mentius
301 514 405 535 multiplicari
417 519 421 530 z
433 516 449 530 et
460 515 483 530 sic
494 514 595 535 superiorum

219 539 294 555 ordinum
305 539 371 560 spiritus
382 539 436 560 plures
447 541 505 555 essent.

239 564 324 580 Distinctio
331 564 398 584 proinde
405 563 498 584 angelorum
506 563 595 579 secundum

219 593 305 604 numerum
313 593 341 604 seu
349 588 426 609 speeiem,
434 590 458 604 est
466 588 554 604 secundum
563 593 596 603 rna-

218 613 270 633 jorem
278 615 294 629 et
302 613 380 629 minorem
388 613 512 633 permixtionem
523 615 569 628 aetus
579 614 596 628 et

219 638 294 659 potentiae
305 642 309 653 z
319 638 357 658 quia
367 642 399 658 quo
406 642 415 653 a
423 638 460 656 Deo,
470 637 498 658 qui
509 639 533 653 est
545 642 595 658 purus

218 664 269 680 actus,
285 662 355 683 amplius
369 662 434 680 distant,
449 666 468 677 eo
483 661 595 682 potentialitati

219 687 331 707 permixtiores
339 688 377 702 sunt
385 691 388 701 z
397 688 412 702 et
420 686 450 702 boc
460 686 538 702 Averroes
549 686 594 701 dixit.

219 711 277 732 Sieque
288 711 352 726 tandem
363 710 401 726 ordo
412 710 545 726 intellectualium
558 710 595 726 sub-

218 736 313 752 stantiarum
321 735 397 756 pertingit
407 740 458 756 usqne
467 735 486 751 ad
497 735 595 751 intellectum

623 492 639 505 et
646 490 669 505 sic
677 490 743 510 aequalis
750 494 827 505 numerus
835 489 941 510 significatur,
946 494 999 510 quui-n

623 514 687 533 dieitur,
697 514 747 530 millia
757 514 833 533 millium,
841 516 858 530 et
867 514 921 530 decies
931 516 999 530 centena

624 539 674 554 millia
681 539 731 559 (quud
739 539 787 554 habet
795 543 826 554 una
837 539 896 559 littera)
905 543 908 554 :
918 539 956 559 quia
964 541 999 554 tan-

623 566 657 579 tum
670 565 694 579 est
705 563 758 579 decies
770 565 838 579 centena
850 563 906 581 millia,
919 565 999 583 quantum

624 588 682 603 millies
691 588 746 604 millia.
756 588 774 603 Et
782 588 871 603 secundum
879 587 909 603 boc
917 588 963 603 datur
973 588 999 603 in-

623 612 673 633 telligi
689 613 731 633 quod
748 613 860 628 adsistentium
875 614 891 628 et
908 612 1000 628 ministran-

623 637 663 652 tium
671 636 764 657 angelorum
774 637 840 657 aequalis
848 639 872 652 est
879 641 961 653 numerus,
969 637 1000 652 Vel

623 662 711 677 secundum
720 661 767 677 aliam
776 661 851 680 litteram,
859 666 895 682 quaa
903 661 956 680 habet,
964 661 1000 677 Mil-

623 686 644 701 lia
660 686 729 702 millium
747 686 860 702 ministrabant
876 686 896 704 ei,
912 688 928 702 et
944 686 1000 702 decies

623 710 681 726 millies
689 713 756 726 centena
764 710 820 728 millia,
828 712 865 729 etc„
872 710 919 726 datur
930 710 999 731 intelligi

622 735 665 756 quod
677 740 754 751 numerus
766 735 878 751 adsistentium
889 735 955 751 excedat
969 740 1000 751 nu>

218 760 314 778 humanum,
322 760 349 780 qui
357 761 424 775 eatenus
434 764 444 775 a
453 760 506 781 primo
517 760 570 778 distat,
579 762 595 775 et
602 761 613 777 C
623 764 685 776 merum
694 760 819 775 ministrantium
828 764 831 775 :
840 762 856 775 et
865 759 895 776 hoc
905 759 999 780 prahabitis

219 784 235 800 in
243 789 276 805 quo
283 784 390 800 intellectuale
398 784 453 800 lumen
461 786 523 800 tanturn
530 789 594 800 occum-

218 808 247 827 bit,
256 811 274 824 ut
283 809 346 829 corpori
356 809 450 825 naturaliter
459 809 528 824 uniatur.
537 809 594 824 Nume-

218 838 246 849 rus
253 835 306 849 autem
314 833 342 854 qui
352 835 376 849 est
384 833 400 849 in
408 833 484 854 separatis
494 833 593 851 substantiis,

218 862 249 873 non
257 860 281 873 est
290 862 367 874 numerus
374 858 538 878 materialis,sequens
546 862 594 873 unum

217 882 261 903 quod
274 884 299 898 est
311 883 410 903 principium
424 882 488 898 numeri
503 882 594 898 exsistentis

218 907 238 923 de
250 911 309 927 genere
321 907 425 928 quantitatis;
438 907 466 923 sed
478 909 503 923 est
516 911 594 922 numerus

218 932 296 950 formalis,
309 936 378 952 sequens
391 936 441 947 unum
453 931 496 952 quod
508 936 546 947 cum
558 933 594 947 ento

218 956 321 972 convertitur.

238 981 310 1001 Denique
321 981 412 1001 philosophi
424 980 452 1001 qui
463 982 552 1001 posuerunt
562 980 594 996 dis-

218 1006 312 1021 tinctionem
320 1010 348 1021 seu
358 1010 443 1021 numerum
454 1005 470 1021 in
481 1005 529 1021 rebus
539 1005 594 1020 immn-

218 1030 303 1047 terialibns
310 1029 399 1045 secundum
407 1034 471 1045 causam
479 1031 495 1045 et
505 1031 593 1048 causatum,

219 1054 294 1071 volebant
308 1054 351 1075 quud
368 1059 416 1070 causa
433 1056 449 1070 et
465 1056 547 1070 causatum
562 1055 661 1072 nonDlium

218 1081 256 1095 sunt
264 1083 315 1100 perse
322 1079 472 1099 distinguentia‚sed
480 1079 594 1099 consequentia

218 1103 327 1119 distinctionis
338 1103 423 1124 principia.
432 1103 494 1119 Etenim
505 1103 594 1119 secundum

218 1133 251 1147 eos,
262 1133 298 1144 esse
313 1128 349 1148 plus
364 1127 380 1143 in
395 1130 436 1146 actu,
450 1130 474 1143 est
488 1128 528 1143 ratio
542 1130 560 1143 ut
573 1128 594 1143 sit

218 1157 268 1168 unum
277 1157 324 1168 causa
330 1152 395 1168 alterius
401 1152 443 1172 quod
452 1152 554 1173 potentialius
559 1154 592 1168 est:

217 1180 233 1193 et
241 1177 270 1196 sic,
279 1177 368 1193 seeundum
379 1177 446 1197 gradum
457 1179 502 1192 actus
512 1179 528 1192 et
539 1179 594 1197 poten-

217 1202 243 1218 tias
254 1202 307 1223 primo
318 1203 334 1217 et
343 1201 403 1217 directe
413 1203 437 1217 est
448 1201 526 1217 sumenda
537 1201 593 1217 distin<

217 1227 254 1243 ctio.
266 1226 386 1244 Verumtamen,
397 1226 532 1247 quemadmodum
544 1226 592 1242 etiam

217 1252 295 1268 Averroes
308 1251 393 1266 undecimo
407 1251 518 1271 Metapbysicae
530 1251 592 1269 asserit,

217 1276 276 1297 positio
287 1280 343 1292 eorum
355 1276 382 1296 qui
395 1275 471 1291 dixerunt
480 1275 501 1291 ab
512 1280 544 1291 uno
555 1275 593 1291 sim-

218 1301 256 1322 plici
268 1301 321 1322 primo
335 1300 421 1321 principio,
434 1299 496 1316 scilicet
510 1300 548 1319 Deo,
561 1305 592 1316 non

218 1326 249 1342 uisi
257 1330 308 1341 unum
316 1325 388 1346 potuisse
395 1325 486 1345 procedere,
491 1325 553 1340 seilicet
560 1325 593 1345 pri-

622 785 745 805 eonsonat,quia
752 785 840 800 secundum
849 784 954 800 intentionem
963 785 999 801 Dio-

622 809 670 830 nysii,
688 809 775 825 nobiliores
792 811 869 831 ereatura
886 809 939 830 plures
954 811 998 825 sunt.

622 833 664 849 Dicit
674 833 723 852 enim,
734 833 776 854 quod
785 833 817 852 bic,
826 833 906 849 maximus
914 838 998 853 numerus,
1007 838 1049 849 ibi-im.

622 858 684 873 scilicet
701 858 751 876 mille,
767 858 884 879 multiplicatur
899 863 928 879 per
941 863 998 874 omnes

622 882 700 898 maximos
720 887 800 900 numeros,
820 882 881 898 scilicet
901 887 929 903 per
947 883 998 901 mille,

621 912 672 928 quum
684 907 749 926 dicitur,
761 907 811 923 millia
822 907 902 927 millium;
912 912 942 928 per
951 908 999 923 dena-

622 932 669 950 rium,
677 936 728 952 quum
736 931 800 949 dicitur,
808 931 862 947 decies
871 932 939 951 millies;
947 934 962 947 et
970 937 999 953 per

622 958 692 974 centum,
700 961 750 977 quum
758 956 822 974 dicitur,
828 958 895 972 centena
903 956 959 972 millia.
968 957 998 972 Sed

622 981 705 1001 Gregorius
713 981 748 996 vult
758 981 800 1001 qnod
810 981 831 996 sit
841 981 939 997 constructio
948 981 998 1002 purti-

622 1006 654 1021 tiva
667 1010 671 1021 1
684 1008 701 1021 ut
713 1010 763 1026 quum
778 1005 843 1024 dieitur,
857 1006 907 1021 millia
922 1006 998 1024 millium,

622 1030 732 1050 intelligantur
740 1030 790 1046 multa
798 1029 849 1046 millia
857 1030 876 1046 de
886 1035 954 1046 numero
963 1031 998 1046 mil<

678 1059 682 1070 2
697 1056 713 1070 et
729 1055 750 1070 ita
764 1055 799 1070 vult
812 1055 855 1075 quod
873 1059 950 1071 numerus
969 1055 998 1071 mi—

622 1079 724 1095 nistrantium
743 1079 794 1099 major
813 1079 839 1097 sit,
858 1083 877 1095 eo
894 1079 937 1099 quod
958 1080 998 1100 ipsis

621 1103 717 1119 attribuatur
729 1108 805 1119 numerus
821 1103 959 1122 indeterminatus,
971 1104 999 1120 ad-

621 1128 715 1144 sistentibus
726 1132 763 1144 vero
775 1133 852 1144 numerus
862 1128 983 1144 determinatus.

716 1193 840 1210 ARTICULUS
851 1194 899 1210 XIX.

623 1227 682 1242 Utrum
693 1227 750 1245 plures
759 1227 793 1241 sint
805 1227 861 1246 anqeli
871 1227 922 1242 unius
932 1228 996 1246 speciei.

652 1275 728 1291 UERCNT
736 1276 811 1295 prasterea
819 1275 847 1295 qui
854 1275 930 1291 dixerunt
940 1280 997 1292 omnes

658 1299 728 1320 angelos,
745 1299 778 1315 imo
794 1301 810 1315 et
826 1300 888 1316 animas
905 1300 996 1319 rationales,

620 1325 692 1345 ejusdem
700 1324 765 1345 speciei*
774 1324 805 1340 Alii
812 1329 851 1340 vero
860 1327 922 1345 ponunt
931 1325 997 1346 angelos
