1083 1563
198 98 229 115 298

393 103 413 115 n!
423 103 533 115 mmmczwna
544 103 562 114 ιτ
572 102 656 114 amaneus
667 103 698 114 nm.
706 107 726 110 —
733 102 768 114 ΛΒΤ,
776 103 786 114 v

198 147 233 166 θεὶς
245 146 266 162 ab
277 146 335 167 aequali
347 148 407 165 autem,
420 146 436 162 in
449 146 493 162 nullo
505 146 574 162 dedecus
582 145 656 165 Afuerit,
670 150 690 162 eo
705 145 802 161 intimiorein
817 145 900 166 magisque
915 145 978 165 insepa—

199 173 284 191 eensetur3
296 171 324 187 sed
336 176 346 187 a
358 171 420 187 minore
432 171 502 192 pendere
514 172 530 186 et
540 175 574 186 sus-

199 195 258 216 cipere,
271 195 303 211 vile
317 198 334 211 et
345 196 380 211 sine
394 196 440 212 laude
455 195 523 211 videtur.
538 195 575 211 Uni-

198 220 282 236 versaliter
293 225 362 241 namque
374 225 420 241 passo
432 220 541 236 honorabilius
550 222 575 235 est

198 249 251 265 agens.
267 245 317 260 Distat
333 247 387 261 autem
403 249 413 260 a
427 245 488 261 Deitate
504 245 574 260 humana

199 269 261 290 species
268 269 343 285 distantia
351 269 420 285 infinita.
428 270 466 285 Tuae
475 269 523 290 igitur
530 271 574 285 zeter-

199 298 223 309 ωε
234 296 258 310 est
269 294 285 309 id
296 294 388 310 dilectionis
397 296 446 315 atque
453 294 548 312 clementiae,
557 296 574 309 ut

198 318 218 334 ad
228 318 263 339 ejus
272 323 281 334 a
291 323 323 339 quo
333 318 401 339 profluis
412 318 537 334 incarnationem
548 323 574 334 ne-

198 343 238 358 dum
245 343 336 359 consentire
344 343 371 359 sed
377 345 392 358 et
400 343 482 364 cooperari
489 343 573 363 adjiceres,

198 367 254 388 sicque
269 372 278 383 a
295 372 333 384 vero
348 368 419 386 homine,
434 372 466 383 non
483 368 539 388 utique
553 367 574 383 ab

198 392 303 411 humanitate,
311 395 327 408 te
338 397 408 411 manare,
416 394 499 413 totumque
506 392 549 413 quod
557 397 574 408 es

199 417 270 437 itemque
282 417 337 436 babes,
350 417 440 438 suscepisse
455 416 527 438 profiteri
542 421 574 432 non

602 170 669 186 rabilem
684 170 814 191 conjunctionem
828 170 885 186 efficit.
899 169 978 190 Denique,

602 195 673 216 perfecta
691 195 748 210 caritas
763 194 853 211 triformem
867 194 978 215 operationem

602 220 657 236 sortita
667 222 697 235 est.
709 220 737 235 Est
747 224 805 240 nempe
816 219 857 240 ejus,
868 221 886 235 ut
897 221 978 235 amantem

601 246 654 260 amato
667 244 717 262 uniat,
730 244 775 260 unita
787 249 851 265 quoque
864 244 880 260 in
891 248 908 260 se
921 245 979 260 mutuo

601 271 700 290 transponat,
713 269 778 285 demum
791 269 836 285 unita
850 270 866 284 et
878 269 916 284 item
928 270 979 284 trans—

602 294 658 314 posita,
665 293 799 309 indissolubiliter
806 293 876 314 colliget,
881 292 979 314 inseparabi-

602 318 645 339 lique
656 318 744 334 concordi-e
755 318 820 334 vinculo
831 318 911 334 cohoerere
923 317 977 333 faciat.

601 342 624 358 Ex
632 343 678 358 modo
684 342 733 363 igitur
739 347 758 358 ac
763 343 839 363 qualitate
846 342 978 361 unionis,amoris

601 369 626 383 eet
638 367 728 383 censendus
742 367 790 383 ardor
801 367 914 388 metiendaque
928 371 978 388 quan-

601 392 643 408 titas.
655 392 737 411 l'roeterea,
747 392 820 408 omnium
831 392 910 408 unionum
921 392 979 407 intima

602 421 619 432 ac
627 417 732 436 vicinissime,
741 417 829 438 personalis
839 416 902 433 exsistit
910 416 979 437 conjun-

198 441 311 462 vilipenderes.
320 442 342 457 Tu
353 441 462 462 pudicissimae
472 441 541 462 Virginis
549 440 592 457 ca-l3
602 442 639 457 ctio.
651 441 672 457 Te
683 443 743 460 autem,
756 446 766 457 o
776 443 835 458 teterne
849 441 938 461 Unigenite,
949 441 979 457 ho-

198 466 288 482 stissimum
301 468 364 482 uterum
377 466 491 487 impraegaasti.
504 466 526 482 Τιι
539 466 574 481 illu-

199 491 281 507 strissimus
296 491 439 511 mundissimaeque
453 490 511 512 puellm
527 491 574 511 virgi-

198 520 244 531 neam
251 515 326 531 cellulam
331 519 395 536 corpore
400 515 480 535 Unigeniti
487 515 573 536 occupasti.

198 540 221 556 Τιι
229 545 248 556 ex
254 540 345 560 purissimis
349 540 486 560 sanctissimisque
493 539 574 555 deiformis

198 564 256 583 Marisa,
265 564 317 580 dulcis
324 569 343 580 ac
351 564 441 585 praestantis
448 564 532 582 columbe,
540 569 575 580 san-

198 589 280 609 guinibus,
293 591 352 605 aeterno
366 589 419 605 Verbo
433 589 507 605 humanm
519 589 574 605 formae

198 618 257 634 corpus
268 614 327 634 parasti
336 618 340 629 z
350 614 406 634 sicque
417 615 470 629 actum
481 614 573 632 asserimus,

198 640 217 653 ut
230 643 239 653 a
252 642 285 659 quo
298 638 395 654 aeternaliter
409 638 481 659 spiraris,
494 642 541 653 verus
553 638 574 653 sit

199 662 247 678 horno
261 664 277 678 et
292 662 364 678 mulieris
379 662 429 678 filius.
445 662 475 678 Sed
492 667 522 678 nee
537 662 573 678 inde

198 686 286 705 erubescis,
295 691 327 703 non
337 687 352 702 id
363 687 431 707 spernis⁴

217 711 229 727 0
238 711 388 727 misericordissime
399 711 494 729 consolator,
503 711 574 732 perfecte

602 466 642 482 mini
652 468 718 482 eatenus
731 466 793 482 unitum
806 466 881 484 fatemur,
894 467 912 481 ut
923 470 943 481 ex
956 466 980 481 di-

601 490 639 506 vina
656 491 758 511 humanaque
776 492 833 506 natura
852 495 883 506 una
901 490 981 506 subsistat

602 520 675 536 persona,
684 520 720 536 qum
729 515 811 536 perlectus
819 515 860 531 Deus
870 517 886 531 et
896 515 980 536 perfectus

602 540 650 556 homo
661 540 737 559 creditur,
750 540 772 556 ita
786 542 803 556 ut
817 542 833 556 et
847 540 901 556 divine
915 540 979 555 homini

602 567 618 580 et
625 565 657 580 Deo
664 565 734 580 humana
744 565 829 580 verissime
838 566 934 585 competant.
942 565 979 580 Non

602 591 670 610 poteras,
681 594 690 605 o
702 591 756 605 sancte
769 589 797 605 Fili
809 589 843 608 Dei,
853 591 869 605 te
880 589 941 605 homini
954 589 980 605 vi-

602 614 654 630 cinius
666 614 748 635 copulare,
761 619 809 635 quarn
822 616 840 629 ut
854 616 870 630 te
884 614 937 634 ipsum
950 614 980 630 ho-

602 639 662 654 minem
670 639 737 657 faceres,
745 639 865 659 humanamque
873 641 947 654 naturam
955 639 980 654 sic

602 664 631 679 tibi
646 668 742 682 assumeres,
755 665 803 684 atque
818 663 877 679 nedum
892 663 980 679 indissolu-

601 688 655 704 biliter
667 688 694 704 sed
705 690 722 704 et
732 688 853 709 suppositaliter
865 690 935 704 nostram
947 690 981 704 tum

601 713 685 733 colligeres
701 715 774 728 naturam
791 712 852 731 deitati,
867 714 947 733 quatenus
962 712 980 728 iu

197 740 216 751 ac
227 736 363 752 desideratissime
375 736 421 754 Deus,
431 736 487 756 ingens
498 736 539 752 soret
549 736 573 756 (ni
581 736 592 752 C
601 737 657 753 eodem
674 742 709 753 esse
725 737 813 757 eademque
832 737 911 758 personali
926 736 980 752 subsi-

198 760 252 781 fallor>
266 760 354 779 humilitas,
370 761 383 776 si
398 761 419 776 ab
433 761 525 781 angelorum
540 761 573 776 imo

197 790 271 801 summus
287 790 304 801 se
318 786 371 801 doceri
386 786 469 806 Seraphim
487 785 572 801 contestari

197 810 295 830 dignaretur,
308 812 336 825 eut
349 810 369 825 ab
382 810 447 826 homine
460 810 531 830 angelus,
544 814 572 825 seu

196 834 217 850 ab
228 834 277 850 idiota
288 834 373 855 preclarus
386 835 491 855 philosophus
503 834 528 850 vel
538 839 573 850 eru-

197 859 240 874 ditus
251 859 339 879 theologus.
348 859 420 880 Denique
428 859 488 880 Serapli
498 859 572 875 altissimi

197 888 246 904 super
259 884 353 904 angelorum
368 884 426 902 imum,
441 883 494 904 angeli
508 888 572 904 quoque

197 913 246 929 super
260 908 348 927 hominem,
363 911 379 924 et
394 908 464 924 hominis
479 908 572 929 peritissimi

197 938 246 953 super
253 933 346 954 quempiam
355 933 428 953 ignarum
436 933 530 948 excellentia
538 933 573 948 sini<

197 959 212 973 ta
222 960 252 976 est,
260 960 276 973 et
287 958 303 973 in
313 958 369 974 ordine
379 958 398 973 ad
409 958 474 973 Deitatis
484 962 533 978 super
540 962 573 973 ere-

196 984 258 998 aturam
269 982 378 1000 eminentiam,
389 982 433 998 nulla
444 987 448 997 1
457 984 473 998 et
482 982 533 997 nihilo
543 982 572 997 mi-

197 1011 227 1022 nus
238 1006 259 1022 ab
271 1007 336 1022 homine
348 1007 407 1022 nedum
420 1011 475 1027 sapere
485 1007 512 1022 sed
524 1006 572 1022 etiam

601 762 659 777 stentia
673 767 705 783 qua
719 764 736 777 tu
750 762 847 778 aeternaliter
860 761 940 779 subsistis,
954 766 980 776 as-

601 788 665 807 sumpta
675 792 684 802 e
695 789 710 802 te
722 789 775 802 nostra
783 788 840 802 natura
850 786 980 807 supposiuretur

601 811 671 832 itemque
682 811 781 827 subsisteret⁴
790 811 835 827 Unde
846 811 907 826 scimus
918 811 979 826 incom-

601 835 725 856 prehensibilem
734 838 765 851 tum
772 835 842 851 caritatis
850 835 928 851 ardorem.

620 860 691 876 Nimium
699 860 780 876 honorasti
792 861 881 876 creaturam
889 862 939 878 tuam,
948 860 979 875 Do-

601 885 649 900 mine.
662 884 674 900 O
686 884 755 905 gloriose
769 886 785 900 et
799 884 888 905 superfelix
900 884 928 900 Dei
941 884 979 900 Uni-

600 909 659 929 genite,
667 911 745 930 quantum
756 911 771 925 te
781 913 835 924 amare
844 909 941 929 obligamur,
950 909 979 929 qui

601 936 658 949 nostrae
666 935 726 949 naturae
736 933 844 949 humilitatem
854 933 878 949 sic
889 933 980 949 divinitatis

600 960 631 974 tuae
639 960 729 974 consortem
737 958 812 976 statuisti,
821 958 848 979 qui
857 963 906 978 super
912 962 979 974 omnem

600 983 767 1003 supermundanorum
779 983 844 998 illorum
857 982 929 998 felicium
944 983 979 998 ani-

601 1012 664 1023 morum
676 1007 768 1028 praelatam
780 1007 914 1028 splendidumque
924 1007 980 1023 altitu-

196 1036 237 1050 osse,
247 1033 262 1047 te
274 1031 360 1052 suscipere,
372 1035 381 1047 o
392 1031 471 1047 adorande
483 1031 572 1051 ardensque
580 1031 592 1047 1>
600 1032 660 1050 dinem,
674 1036 709 1048 eam
722 1033 754 1047 tarn
767 1032 916 1052 incomparabiliter
928 1032 979 1047 subli-

196 1055 282 1074 Paraclete,
290 1056 322 1071 dici
333 1055 429 1071 sustinuisti.

306 1123 429 1140 ARTICULUS
441 1124 461 1139 V.

198 1159 244 1177 Quod
256 1159 275 1174 in
285 1159 400 1175 incarnatione
413 1160 504 1179 Uniyeniti,
514 1160 573 1175 indici-

217 1182 256 1196 cilix
263 1182 316 1201 ipsius
323 1182 423 1199 exinanitio,
430 1182 516 1197 clementia
524 1184 573 1202 atque

217 1204 284 1219 dilectio
295 1205 374 1220 eluceant.

233 1253 291 1269 umus
302 1255 327 1269 est
338 1254 371 1269 haec
382 1253 434 1269 virtus
443 1255 491 1274 atque
502 1253 573 1274 proprie-

240 1280 270 1296 tas,
281 1280 298 1294 ut
308 1280 360 1294 amato
369 1279 450 1293 amantem
462 1277 511 1293 uniet.
520 1278 573 1296 Porro,

198 1307 230 1323 quo
241 1307 287 1319 arnor
297 1303 331 1324 ipse
341 1302 451 1318 vehementior
461 1302 574 1323 ardentiorque

601 1057 657 1072 mastil
671 1056 763 1072 Similitudo
777 1056 844 1077 quippe,
857 1057 916 1072 amoris
928 1061 979 1072 causa

601 1083 675 1097 censetur
687 1086 690 1097 :
703 1081 770 1102 ideoque
783 1081 825 1097 inter
836 1081 905 1097 multum
917 1081 978 1097 distan-

600 1106 627 1124 tia,
644 1106 696 1121 minor
711 1106 754 1126 viget
769 1106 839 1121 dilectio.
854 1106 877 1122 Tu
892 1108 953 1124 autem,
968 1111 979 1122 ο

600 1135 663 1146 summe
674 1130 741 1149 Christe,
750 1130 821 1146 nondum
832 1132 886 1146 nostra
894 1133 980 1151 assumpta

601 1155 660 1176 specie,
673 1155 689 1171 in
704 1155 835 1176 splendidissimo
851 1155 878 1171 illo
893 1155 980 1176 superpul-

600 1180 671 1200 chroque
683 1182 752 1200 patei-nm
760 1179 801 1195 lucis
808 1180 852 1195 fonte
860 1180 939 1198 latitabas,
947 1185 980 1196 nec

600 1209 610 1220 a
621 1204 701 1220 mundane
712 1206 765 1220 mente
778 1204 825 1220 facile
836 1204 901 1224 agnosci
913 1204 979 1225 quibas,

601 1229 669 1249 ideoque
677 1233 707 1245 nec
712 1229 761 1244 amari
771 1233 774 1244 τ
782 1228 859 1249 quoniam
870 1228 923 1249 ignota
932 1229 980 1249 diligi

601 1255 688 1274 nequeunt.
697 1253 727 1269 Sed
738 1253 776 1269 dum
786 1255 841 1269 nostra
851 1253 917 1269 indutus
926 1253 981 1269 forma

601 1278 618 1294 in
626 1278 704 1293 mundum
713 1278 798 1293 visibiliter
806 1278 866 1298 prodis,
874 1280 950 1298 tanquam
959 1283 980 1294 ex

601 1302 656 1318 abdito
668 1302 717 1318 Patris
730 1302 766 1318 sinu
777 1302 867 1321 descendit,
877 1304 926 1323 atque
938 1307 981 1323 quo-
