1083 1563
214 115 234 132 10
503 121 575 133 nisrou
585 121 702 133 nuncupamus

213 164 258 185 quod
264 164 359 180 communie
366 165 442 181 omnium
449 165 524 181 nostrum
534 165 590 181 fautor
598 165 615 181 et
623 165 688 181 amicus
694 165 770 185 habeare,
778 166 795 181 et
804 165 836 181 viri
845 165 891 182 illius
900 165 989 186 prncipue,

213 195 264 212 quem
279 191 374 212 frequenter
389 191 479 208 dimidium
493 192 545 208 animi
561 192 592 212 tui,
606 192 628 208 ob
641 192 723 208 virtutum
736 192 856 213 praeeuntiam,
868 192 930 213 quibua
941 192 958 208 et
971 192 990 208 tu

212 218 286 235 maxime
298 218 357 239 polles,
367 219 473 240 protester-im
484 219 501 235 et
511 219 532 235 de
541 218 591 235 rebus
603 218 708 239 theologicis,
717 219 824 239 singulariter
832 219 853 235 de
863 219 922 235 natura
932 219 990 235 aeterni

213 245 230 262 et
239 244 274 261 veri
286 245 318 262 Del
330 245 416 266 ipsiusque
427 249 484 262 amore
493 246 509 262 at
518 245 601 266 laudibus,
613 249 647 262 non
658 250 696 262 raro
705 246 802 263 dulcissima
812 246 896 267 colloquia
906 250 945 262 cum
953 246 989 262 viro

213 272 321 289 commiscere
330 272 389 289 soleae
401 272 427 289 Ad
437 273 479 293 haec,
492 273 528 289 tum
540 277 597 289 remur
608 273 685 289 nostrum
696 273 796 293 Dionysium
805 273 827 289 ab
835 273 901 290 aemulis
912 273 954 289 eatis
960 273 990 289 de-

213 298 280 315 fensum
292 299 346 319 [tissi
358 299 424 315 tantum
437 300 520 316 mereatur
531 300 627 320 patronum.
637 299 698 320 Accipe
711 300 767 320 itaque
780 300 812 316 hoc
824 300 948 320 munusculum,
958 300 989 316 etsi

213 326 328 346 perexiguum,
335 326 353 342 in
362 327 461 347 perpetuum
470 327 526 343 tamen
536 326 591 342 mutui
599 326 661 343 amoris
667 327 684 343 et
690 327 752 343 ηοω-ω
759 327 776 343 in
784 327 800 343 te
807 327 916 343 obeervantiae
923 327 989 348 pignus,

212 357 234 369 ne
241 352 346 373 intercapedo
355 353 387 369 loci
396 353 423 369 vel
433 353 518 373 temporis,
528 353 576 374 pium
585 353 602 369 in
612 357 643 369 nos
652 354 700 369 tuum
708 353 785 370 affectum
794 353 876 373 obliteret,
885 354 914 370 ubi
923 354 990 374 oportu-

213 379 245 395 erit
253 380 270 396 te
279 383 289 395 a
298 379 347 396 nohis
357 379 443 400 ahlungari
455 379 475 396 ad
485 379 553 400 jussum
562 380 579 396 et
587 380 672 396 decretum
683 380 824 397 Reverendissimi
833 380 850 396 in
861 380 927 397 Christo
936 380 990 396 Patria

212 406 356 427 illustrissimique
363 406 446 427 Principia
455 411 474 422 ac
483 406 558 427 Domini,
566 407 586 423 D.
595 407 653 423 Erardl
660 407 681 423 de
687 407 749 427 Marka,
756 408 817 423 sanctae
825 407 905 423 Romanae
912 407 990 423 Ecclesiae

213 433 259 449 tituli
267 433 285 449 S.
295 433 399 454 Chrysogoni
407 433 499 454 presbyteri
508 433 606 454 Cardinalis,
616 433 740 454 Archiepiscopi
748 434 829 450 valentiae
839 434 855 450 et
864 434 942 455 Episcopi
949 434 991 450 Leo-

213 459 283 480 diensia,
295 460 326 476 etc.
338 460 371 479 Qui
385 464 418 480 quo
432 460 506 476 sedulius
520 460 643 477 modestissima
657 461 686 476 tua
698 460 747 481 juxta
759 461 776 477 et
788 460 885 477 doctissima
897 461 991 481 perfruatur

214 486 308 507 praesentia,
320 487 336 502 te
348 486 391 503 istuc
401 486 423 502 ab
434 487 465 503 hac
477 487 539 507 inclyta
550 487 643 503 studiorum
653 487 743 504 Academia
754 488 790 503 tum
802 487 868 503 facilius
876 487 990 503 advocandum

214 513 285 534 putavit,
297 513 312 530 si
324 513 354 529 tibi
368 513 385 529 in
397 513 467 530 ecclesia
479 518 509 530 sua
522 514 611 530 cathedrali
623 514 711 530 Leodiensi
725 518 785 530 novam
798 514 858 531 taceret
872 514 990 535 provisionem.

214 540 352 560 Gongratulamur
361 540 429 561 quidem
438 541 497 557 honori
506 541 542 561 tuo,
550 541 600 557 simul
607 541 656 561 atque
666 541 724 557 amicis
733 541 762 561 qui
770 541 795 557 tui
804 541 866 557 ibidem
875 540 992 562 praestolantur

213 567 319 587 praesentiam
328 572 332 582 ε
341 567 383 583 inter
391 572 434 588 quos
443 568 522 588 cognatus
529 572 577 583 meus
584 567 697 584 Theudoricus
706 568 774 587 Hezius,
782 568 889 584 doctissimus
897 567 991 588 theologus,

214 594 230 610 te
240 594 259 610 ut
267 594 331 614 patrem
343 594 393 614 tilius,
407 594 425 610 ut
439 595 558 615 praeceptorem
570 594 669 615 discipulus,
679 595 699 610 ut
708 594 801 610 eanonicus
813 594 913 610 confratrem
922 594 992 610 Canoni-

214 625 258 641 cum,
274 621 390 637 anxiosissime
404 621 457 642 (qnod
473 621 533 637 litteris
547 621 584 642 ejus
596 621 692 641 didicimus)
704 622 794 642 exspectat.
808 621 860 642 Atqui
872 621 938 637 interim
953 621 992 637 hinc

214 652 284 664 moerere
296 648 411 664 consumimur
423 648 440 664 et
451 648 548 668 torquemur
557 648 619 664 mirum
631 648 648 663 in
660 648 736 668 medum,
747 648 760 664 si
771 649 805 664 tam
815 648 920 668 splendidum
928 648 990 667 lumen,

214 675 257 690 inter
266 675 329 691 ceteros
338 674 390 690 veluti
401 675 486 695 Hesperus
498 674 541 691 inter
550 674 604 691 sidera
613 675 650 691 coeli
660 679 755 695 coruscans,
765 675 792 690 hic
804 674 892 695 praebenda
902 674 991 695 resignata,

213 706 223 717 a
235 702 292 717 nostra
303 701 393 717 Academia
406 701 473 722 penitus
484 701 546 717 auferri
559 701 617 717 debeat
628 707 632 717 ς
645 702 722 722 quamvis
734 706 768 717 non
781 702 865 722 possimus
877 705 910 717 nen
923 701 992 722 probare

214 728 256 744 tanti
264 728 347 748 Principis
356 732 406 748 quam
413 728 493 744 miramur
500 728 611 749 prudentiam,
619 732 652 749 qua
659 728 722 749 passim
731 728 813 749 plurimos
822 728 874 744 nobili
884 728 909 743 illi
918 728 992 748 Cullegio

213 755 231 771 S.
241 754 332 775 Lamberti,
343 755 359 770 in
369 759 441 775 quorum
452 755 489 771 albo
500 755 518 771 tu
529 759 552 775 es,
562 755 607 771 viros
618 755 725 771 doctissimos
736 755 854 771 adscribendos
864 754 992 775 vigilantissima

214 786 253 798 cura
267 782 350 802 procurat,
362 786 381 797 ac
394 782 456 802 grande
470 782 557 802 quidpiam
571 782 612 798 viris
626 782 660 798 illis
674 782 736 802 quihus
750 781 840 798 Ecclesiam
854 785 902 798 suam
916 781 990 800 exornat,

214 809 303 825 effecturus
314 808 337 824 sit
349 808 366 824 in
378 809 469 829 posterum*
480 808 591 827 Quamobrem
602 809 619 825 et
631 813 665 825 suae
675 808 737 825 Gratiae
750 809 794 824 hunc
806 809 881 824 nostrum
891 808 992 828 Dionysium

214 840 235 851 ex
246 839 277 851 sua
287 835 350 851 ditione
359 835 400 851 olim
412 836 475 855 natum,
485 840 530 851 nunc
540 840 579 851 vero
592 836 630 856 post
642 835 667 851 tot
678 835 739 851 saecula
752 835 871 855 renascentem,
881 839 910 855 per
920 835 936 851 te
946 839 992 851 com-

214 862 310 878 mendatum
323 862 344 878 iri
356 862 439 882 cupimus,
450 866 482 882 quo
492 862 565 882 liberior,
577 862 618 878 tanti
627 862 711 882 Principis
722 862 778 878 favere
790 862 867 882 stipatus,
877 862 895 877 in
907 861 992 882 publicum

213 889 288 910 prodeat.
299 889 331 907 Qui
343 889 360 905 et
369 889 427 910 procul
436 889 494 909 dubio,
506 889 540 905 tam
552 889 664 905 doctrinarum
677 888 751 905 ubertate
761 892 811 909 quam
821 888 926 904 voluminum
938 888 991 908 copiay

214 916 288 932 maximo
302 916 324 932 sit
336 916 440 935 ornamento,
452 916 513 932 nedum
523 916 582 932 Ordini
596 916 659 936 nostro,
670 915 699 932 sed
710 915 727 931 et
739 915 823 934 omnihus,
836 915 852 931 et
864 915 895 931 toti
907 915 991 934 Ecclesiae,

214 943 297 963 praecipue
309 943 364 959 tamen
377 943 393 958 et
407 943 452 963 genti
463 947 498 958 eum
511 943 528 958 et
541 942 605 963 patriae,
616 942 688 958 futurus.
701 942 720 958 In
734 942 782 963 cujus
794 942 841 958 libris
854 942 897 958 nihil
911 941 991 961 fucatum,

214 969 256 985 nihil
266 969 356 989 tumidum,
367 969 409 985 nihil
420 969 490 985 habetur
503 973 513 985 a
522 969 571 985 bonis
584 969 658 985 moribus
673 969 752 989 alienum,
767 969 796 985 sed
808 969 879 985 eruditio
892 969 926 984 tam
938 968 993 984 lucida

215 1001 265 1017 quam
277 996 375 1013 abundans:
386 996 427 1012 adeo
434 996 453 1012 ut
461 996 503 1012 nihil
514 996 572 1012 lectori
581 996 708 1012 desiderandum
719 996 776 1016 restet,
785 996 819 1011 nisi
827 995 902 1011 fortassis
912 995 993 1015 elegantia

214 1023 303 1040 verborum
313 1023 395 1044 stilueque
401 1023 493 1039 venustior>
499 1023 518 1039 In
527 1027 560 1044 quo
568 1023 623 1039 tamen
631 1023 706 1039 excusari
715 1023 775 1043 potest,
792 1023 843 1044 uippe
850 1022 879 1043 qui
886 1026 917 1038 suo
926 1022 994 1043 scripsit

215 1050 283 1070 saeculo,
296 1055 331 1067 suae
342 1050 397 1067 aetatis
413 1050 515 1070 hominihus,
531 1051 581 1071 atque
595 1054 614 1066 eo
627 1050 702 1070 tempore
715 1054 748 1070 quo
761 1050 818 1070 lingua
831 1049 887 1069 latina,
900 1049 993 1070 praesertim

245 1076 289 1098 >tior,
300 1082 354 1098 neque
367 1078 385 1093 in
398 1082 431 1093 usn
444 1081 498 1098 neque
511 1077 529 1093 in
543 1077 596 1098 pretio
610 1077 664 1093 doctis
677 1076 733 1093 suerit.
743 1077 798 1093 Habet
809 1076 863 1092 nihilo
876 1076 932 1092 minus
941 1075 994 1096 (quod

56 1077 260 1154 ΛΘ
269 1104 312 1121 solet
318 1104 372 1121 dicere
381 1104 402 1121 R.
410 1104 438 1125 T.)
449 1104 540 1125 Dionysius
551 1104 616 1120 tantum
627 1104 732 1124 eloquentiae,
742 1104 823 1124 quantum
833 1107 842 1119 a
851 1103 929 1123 theologo
938 1102 994 1123 requi-

215 1136 251 1148 rere
260 1136 291 1152 par
299 1132 335 1152 θείς
345 1131 425 1152 tonatque
434 1131 492 1148 solidis
501 1131 625 1152 Scripturarum
634 1130 747 1147 fundamentis
757 1130 823 1147 oracula
830 1130 909 1146 Veritatis
921 1130 992 1146 aeternae.

216 1158 261 1175 Bone
274 1158 316 1179 vale,
325 1158 378 1175 amice
385 1159 402 1175 et
410 1158 460 1175 Pater
469 1158 486 1174 in
495 1158 562 1175 Christo
572 1158 694 1175 colendissime.
