1083 1563
198 117 229 134 2³0

353 122 373 134 n:
383 122 472 134 vanusnn
482 122 531 134 tumul
541 122 560 134 Π
570 121 691 134 Pur-cnutwotua
702 122 732 134 om<
740 127 760 130 —
768 122 802 134 aar.
810 122 821 134 V

198 170 236 181 nem
251 165 349 186 vestigialem
363 165 470 185 assimilatur3
485 165 509 180 sic
525 164 683 183 omneAdoctrinm,
700 165 772 185 quasdam
790 164 856 180 demum
874 164 981 185 pulchritudo

198 192 270 206 creatum
284 190 344 205 dicitur
360 189 451 210 pulchrum,
464 189 480 205 in
495 191 573 210 quantum

198 214 258 235 aliquid
271 215 291 230 de
306 214 426 235 pulchritudine
440 214 498 230 divinae
512 216 573 230 naturai

198 240 270 258 sortitur,
278 244 296 255 ac
304 244 333 260 per
340 239 370 255 hoc
378 239 430 254 eidem
438 238 529 259 aliqualiter
536 243 573 254 con-

198 265 280 280 lormatur.
290 264 309 280 Et
316 264 358 280 sicut
367 264 409 280 Deua
418 263 472 280 omnia
480 263 518 279 iecit
525 263 572 282 bona,

198 289 273 310 quonism
285 289 301 304 in
309 294 326 304 se
335 289 369 309 ipso
380 288 474 304 naturaliter
483 288 535 304 bonus
543 290 572 307 est,

197 314 220 329 sic
231 313 286 329 omnia
297 313 336 329 fecit
348 313 421 334 pulchra,
432 313 470 333 quia
482 313 498 328 in
508 317 525 328 se
536 312 573 328 sub-

196 338 297 356 stantialiter,
313 338 346 354 imo
363 340 378 353 et
396 337 573 358 supersubstantialiter

197 362 265 383 pulcher
272 365 301 378 est.
309 371 330 374 —
337 362 419 380 Praeterea,
428 362 531 383 pulchritudo
539 367 572 377 cre-

196 389 227 405 ata,
238 387 270 403 alio
281 389 305 403 est
315 387 412 405 essentialis,
422 386 453 402 alia
463 386 571 402 accidentalis⁴

197 411 296 429 Essentialis.
307 413 332 427 est
344 411 378 432 ipsa
390 411 411 427 rei
423 411 498 429 essentia,
510 416 538 426 seu
550 411 572 426 in-

196 436 266 452 trinseca
273 438 321 456 alque
329 436 406 456 specifica
416 436 452 456 ejus
460 435 537 456 perfectio
544 439 573 450 seu

600 189 671 209 justitian.
684 189 787 205 Pulchritudo
798 189 835 205 vitae
849 191 873 205 est
887 189 928 205 actio
942 189 981 210 ipsa

601 214 659 232 vitalis,
667 219 696 230 seu
705 214 805 230 conversatio
817 216 877 230 naturaa
888 214 981 230 intellectu-

600 238 636 257 alis,
647 238 735 254 secundum
750 238 808 255 divinae
820 238 859 259 legis
871 238 980 254 directionem

601 266 617 279 et
627 264 671 284 jussa
682 263 759 281 exhibita.
767 263 869 279 deformitate
878 265 894 279 et
905 263 941 279 labe
951 268 980 279 ca-

601 293 637 304 rens
646 288 820 309 peccatil‘ulchritudo
827 288 903 304 doctrinm
910 290 934 303 est
942 288 981 308 ipsa

601 313 659 328 veritas
671 317 707 333 qum
718 312 789 331 docetur,
801 317 810 328 a
823 312 937 328 commixtione
949 312 981 328 fal>

601 337 651 353 sitatis
662 337 719 356 aliena,
730 337 833 353 audientibus
843 339 893 357 grata,
901 337 979 355 salubris,

600 362 676 382 jucunda.
685 361 860 382 Pulchritudojustitiae
870 364 894 377 est
903 362 979 382 aequitas,

601 386 700 407 obliquitatis
710 386 785 402 vitiorum
795 391 853 407 expers
861 390 865 401 1
873 386 922 402 hahet
931 386 979 406 equi-

600 411 636 427 dem
652 411 738 431 quamdam
753 415 798 426 suam
812 410 875 431 justitia
887 410 979 426 claritatem

600 440 628 451 seo
637 435 695 453 lucem,
703 437 759 456 estque
767 435 783 451 in
791 435 826 456 ipsa
837 435 916 451 maximus
923 434 980 456 splen-

197 462 259 478 natura.
271 460 287 476 in
301 462 378 481 quantuni
391 460 408 476 in
420 465 437 476 se
449 460 520 475 continet
531 459 573 474 unde
582 458 630 475 Bdor
639 460 709 476 virtutis.

197 485 300 505 cognoscenti
312 484 411 505 complaceat
425 487 441 500 et
455 484 512 500 decora
524 488 573 504 appa-

197 512 236 526 reat.
251 510 295 525 Hanc
310 514 374 530 quoque
389 509 525 530 pulchritudinem
541 513 572 524 non

197 534 249 550 solum
263 539 299 550 reor
311 534 401 555 ponendam
414 534 431 549 in
441 533 505 549 entibus
517 533 572 554 praedi-

198 559 267 575 camenti
279 559 377 577 suhstantiae,
390 559 418 574 sed
431 559 447 574 in
458 558 501 574 omni
516 558 572 579 praedi-

197 586 271 600 cemento
281 588 299 599 ac
309 588 368 604 genere
380 583 426 599 entis.
439 583 531 599 Essentialis
544 582 572 598 eti-

197 613 222 624 arn
235 608 338 629 pulchritudo
349 608 372 624 rei
387 610 411 624 est
423 608 457 628 ipsa
469 607 532 625 entitas,
544 612 572 623 seu

177 653 179 655 η
197 635 253 648 natura
263 635 279 648 et
290 632 346 651 torma,
355 632 424 653 alicujus
433 632 529 648 actualitatis
539 636 573 652 per-

197 657 304 678 fectionisque
316 657 407 673 contentiva
421 661 424 672 τ
437 656 572 677 quemadmodum

197 682 301 703 pulchritudo
315 681 398 702 sapientia>
412 686 441 697 seu
456 681 532 696 doctrinm
549 682 573 696 est

198 707 233 727 ipsa
244 706 317 722 doctrina
330 706 377 722 modo
389 706 460 726 praelato.
473 707 489 721 et
503 705 572 726 pulchri-

198 731 237 747 tudo
245 731 285 746 lucis
295 733 320 747 est
330 731 364 751 ipsa
372 731 399 746 lux
407 735 444 746 curn
452 732 526 750 respectu
534 734 572 750 pria-

709 523 832 539 ARTICULUS
845 523 865 539 V.

660 559 684 573 De
693 558 819 577 pulchram-*712
829 558 916 577 corporali.

632 607 732 626 RAETEREA,
747 607 855 628 corporalium
870 607 980 628 pulchritudi-

639 637 678 647 num
688 631 719 647 alia
730 634 754 648 est
764 632 886 650 elementorum,
894 632 925 647 alia
936 632 980 647 mix*

601 658 659 675 torum,
669 656 700 672 alia
710 656 799 672 coelestium
809 661 901 677 corporum,
911 656 942 672 alia
954 657 980 672 in—

600 681 713 699 animatorum,
721 681 752 697 alia
762 681 882 701 vegetabilium,
889 681 920 697 alia
927 681 980 697 sensi-

601 705 670 721 tivorum
678 708 694 721 et
704 705 827 724 irrationalium,
834 705 865 721 alia
875 705 979 721 rationalium

601 732 715 746 creaturarum*
724 730 746 746 De
754 730 832 750 corporali
843 730 896 751 itaque
907 730 980 751 pulchri—

198 755 245 771 dicto.
254 755 357 771 Pulchritudo
366 757 419 771 autern
430 754 538 772 accidentalis,
549 756 573 770 est
580 755 591 771 C
601 755 656 770 tudine
664 755 744 770 disserens
754 755 852 775 Augustinus
862 755 946 770 undecimo
956 755 978 770 de

198 780 252 801 aliqua
266 779 356 796 adventicia
369 779 446 800 pei-lectio
458 779 484 795 vel
498 784 573 799 superve-

198 805 245 820 niens
257 805 310 823 decor,
322 804 424 820 essentialem
436 804 572 825 pulchritudinem

198 829 281 850 complens
289 834 306 844 ac
314 829 393 844 lulciens:
401 829 444 844 sicut
450 828 537 846 essentiali,
547 833 572 844 na-

197 853 245 869 turali
252 855 300 874 atque
308 853 382 874 ingenitae
390 853 506 874 pulchritudini
515 853 573 869 mentis

198 880 260 896 crealae,
271 878 364 899 supervenit
376 878 479 898 pulchritudo
491 877 573 898 sapientias

198 905 213 918 et
223 903 306 918 virtutum.
318 902 390 918 Essentia
403 907 460 922 nempe
471 902 513 918 entis
524 902 572 917 creati

198 927 214 943 in
224 932 241 943 se
251 927 322 948 perfecta
333 931 364 942 non
374 929 404 945 est,
416 927 444 942 sed
453 926 516 942 actibus
526 928 573 947 atque

197 952 279 967 habitibus
290 951 337 967 bonis
348 951 405 972 perfici
417 951 477 971 indiget
487 953 503 967 et
514 951 572 967 ornari.

198 976 234 992 Sola
244 978 298 992 autem
309 976 364 992 divina
375 976 445 992 essentia
455 976 471 991 in
482 980 498 991 se
509 980 574 996 prorsus

199 1001 270 1022 perfecta
284 1000 357 1016 consistit
372 1005 376 1016 ι
392 1000 434 1016 unde
449 1005 479 1016 nec
493 1002 529 1016 actu
544 1005 574 1015 nec

198 1025 254 1041 habitu
267 1030 335 1046 usquam
346 1025 435 1046 perficitur,
447 1029 497 1045 quum
508 1025 543 1045 ipsa
554 1025 575 1040 sit

601 779 667 795 civitate
675 779 703 795 Dei
710 784 714 795 τ
721 779 829 797 Pulchritudo,
838 779 895 800 iuquit,
903 784 935 795 non
943 784 978 795 mo-

601 804 616 819 le
628 806 695 822 constat,
708 804 735 820 sed
751 804 830 824 parilitate
843 809 862 819 ac
876 804 978 820 dimensione

602 828 716 844 membrorum.
727 829 780 847 Porro,
788 829 865 844 vicesimo
876 829 945 844 secundo
956 829 978 844 de

601 853 669 869 Civitate
683 853 716 871 Dei,
731 853 869 874 pulchritudinem
883 853 929 869 istam
944 853 978 874 ple-

602 878 638 893 nius
650 878 743 893 describens
756 882 760 893 z
773 878 847 898 Corporis
859 878 895 898 (ait)
907 878 978 899 pulchri-

602 902 640 918 tudo
651 904 675 918 εει
687 903 755 923 partium
768 902 880 918 convenientia
891 907 927 918 cuin
938 907 978 923 qua-

601 927 637 942 darn
649 927 707 943 coloris
719 927 802 943 suavitate.
816 927 859 943 Unde
871 927 945 943 Albenus
960 927 977 943 in

602 951 717 972 quaestionibus
732 951 765 967 suis
780 956 829 972 super
842 951 900 967 Missus
914 953 943 969 est,
956 952 977 967 ad

601 976 642 991 hanc
655 975 791 996 pulchritudinem
803 975 860 991 asserit
870 976 900 991 tria
910 976 977 996 requiri.

601 1000 672 1016 Primum
680 1002 705 1016 est
712 1000 776 1020 elegans
783 1002 831 1021 utque
839 1000 936 1016 conveniens
943 1005 978 1016 cor-

602 1025 645 1046 poris
655 1025 757 1045 magnitud03
765 1025 854 1040 secundum
864 1026 888 1040 est
899 1024 978 1040 membro-

198 1052 242 1066 actus
250 1055 300 1070 purus
308 1052 324 1066 et
331 1049 467 1070 simplicissimus,
474 1049 490 1065 in
498 1054 529 1070 quo
536 1054 574 1065 vere
582 1050 595 1065 D
602 1054 637 1065 rum
645 1050 765 1070 proportionata
772 1049 930 1069 formati03tertiurn,
939 1049 977 1065 boni

198 1079 216 1091 ac
224 1075 288 1095 penitus
297 1074 339 1090 idern
347 1076 384 1090 sunt
391 1079 432 1092 esse,
442 1078 488 1094 posse
499 1076 514 1089 et
521 1079 572 1094 agere*

197 1099 237 1115 Hinc
249 1099 352 1120 pulchritudo
363 1098 466 1114 accidentalis
476 1098 492 1114 in
505 1099 539 1119 ipsa
551 1099 573 1114 lo-

198 1128 234 1139 cum
245 1128 277 1139 non
287 1123 339 1139 habet.

217 1148 297 1169 Amplius,
305 1148 414 1168 pulchritudo,
425 1148 456 1163 alia
466 1150 491 1163 est
499 1152 573 1168 corpora-

197 1173 222 1191 lis,
235 1173 266 1189 alia
278 1172 371 1193 spiritualis.
385 1172 476 1193 Spiritualis
488 1175 541 1188 autern
557 1173 573 1188 in

197 1197 302 1214 rationalibus
314 1199 330 1213 et
342 1196 478 1212 intellectualibus
493 1197 574 1213 invenitur

198 1222 277 1239 essentiis⁴

217 1248 304 1265 Postremo,
312 1247 354 1262 sicut
363 1246 422 1262 veritas
433 1246 449 1262 in
457 1246 541 1262 veritatem
549 1246 573 1262 vi-

197 1274 222 1290 tae,
236 1272 319 1288 veritatem
332 1271 408 1287 doetrinae
422 1271 538 1292 veritatemque
549 1271 574 1291 ju-

197 1297 245 1313 stitiae
253 1296 354 1317 tripartitur;
362 1296 384 1311 ita
391 1298 407 1311 et
414 1295 486 1316 qondam
496 1296 528 1311 dici
539 1297 573 1316 pot-

198 1324 222 1338 est
229 1321 333 1343 pulchritudo
340 1321 382 1340 vitm,
389 1321 462 1341 quosdam
470 1320 573 1341 pulchritudo

601 1079 619 1090 ac
628 1074 676 1090 lucidi
687 1074 745 1090 eoloris
755 1074 831 1095 perfusio*
841 1074 880 1090 Hinc
888 1074 934 1094 juxta
941 1074 977 1090 Phi-

602 1099 686 1119 losophum
698 1099 714 1114 iu
727 1099 792 1117 Ethicis,
801 1098 875 1114 homines
885 1103 937 1119 parvo
946 1101 978 1114 sta-

601 1126 640 1139 turae
652 1128 684 1139 non
697 1125 735 1139 sunt
746 1123 811 1144 proprie
823 1123 892 1144 pulchri,
903 1123 931 1139 sed
944 1123 977 1139 dici

601 1150 668 1169 possunt
674 1148 742 1168 graciles
752 1153 770 1164 ae
780 1148 838 1164 decori.
847 1148 882 1164 llaec
890 1148 978 1169 corporalis

602 1173 704 1194 pulchritudo
717 1173 758 1188 inter
770 1173 811 1188 dona
821 1175 923 1193 computatur
932 1174 978 1188 natu-

601 1202 628 1216 πω,
646 1197 733 1218 multisque
751 1197 823 1213 eflicitur
839 1197 901 1213 occasio
918 1197 977 1218 culpe.

601 1222 675 1238 vanitatis
690 1224 706 1238 et
721 1226 788 1242 pompm.
803 1222 837 1237 Non
852 1222 895 1237 enim
908 1221 978 1237 inaniter

601 1247 661 1262 dictum
676 1248 701 1262 ost
713 1251 716 1262 :
729 1246 801 1262 Pulchris
816 1246 857 1262 inest
872 1246 927 1262 l'astus.
940 1246 978 1262 ldeo

601 1271 721 1292 quintodecimo
728 1271 747 1286 de
758 1271 825 1286 Civitate
833 1271 860 1286 Dei
868 1270 939 1291 loquitur
946 1271 978 1286 Au-

601 1295 674 1316 gustinus
686 1300 689 1311 z
703 1295 805 1311 Pulchritudo
822 1295 899 1316 corporis,
916 1295 976 1311 bonum

600 1321 680 1342 quoddam
688 1322 713 1336 est
720 1322 736 1336 ct
742 1320 802 1336 donum
810 1320 848 1340 Dei3
856 1320 883 1336 sed
891 1322 977 1341 propterea
