1083 1563
153 513 177 524 a».
182 513 188 520 ..

199 113 220 130 ω
385 119 405 131 ΒΕ
415 119 478 131 iurum
488 119 548 131 AETBBM
558 119 578 131 m·
588 119 623 131 VBM
633 119 664 131 osst.
675 123 695 127 —
705 119 740 131 AM.
752 119 793 131 XXXV

201 161 250 177 reuda
261 162 282 177 ad
293 162 381 182 objectum,
394 162 422 178 sed
433 162 453 178 ad
465 162 575 182 cognoscentis
582 161 595 177 A
602 164 653 180 aetus,
659 164 734 183 tanquam
742 162 821 178 universas
829 161 944 178 materialitatis
952 161 979 177 ad-

201 186 295 206 petentiam.
304 186 319 202 Si
328 187 371 202 enim
378 187 429 202 Deum
438 187 508 202 dicerem
520 190 575 207 corpo-

201 210 250 226 ralem
268 211 355 227 consistere
371 213 398 227 aut
414 211 518 232 corporaliter
534 216 574 229 esse,

201 239 276 251 errarem.
285 235 315 251 Sed
323 236 336 251 si
344 235 524 256 incomprehensibilem
533 240 575 251 com-

200 260 300 280 prehendere
314 265 382 281 nequeo,
397 261 437 281 quin
452 260 505 281 potius
519 265 575 276 secun-

201 284 239 300 dum
252 289 304 300 meam
317 285 421 306 capacitatem
433 290 471 301 eum
481 285 575 305 considero;

200 313 232 325 non
244 314 285 327 erro.
297 314 350 330 neque
360 310 396 330 ejus
407 309 479 330 dignitati
492 310 508 325 in
521 310 576 330 aliquo

200 334 259 354 derogo
266 338 270 349 z
278 334 355 354 quoniam
363 334 441 355 quidquid
449 334 576 355 imperfectionis

200 358 279 379 contingit
295 359 310 374 in
328 358 462 379 contemplatione
476 360 492 374 et
506 358 576 379 appella-

200 383 243 399 tione
251 388 283 404 qua
290 388 327 399 eum
335 383 436 404 contemplor
442 385 459 399 et
466 383 537 401 nomino,
546 383 575 399 hoc

200 409 252 423 totum
272 408 341 428 propriae
359 408 477 429 imperfectioni
495 408 575 426 adscribo,

200 432 290 448 certissime
297 432 350 448 sciens
358 433 408 448 Deum
416 432 518 448 nobilissimo
529 432 576 448 modo

200 456 293 472 subsistere.

220 481 253 497 Hoc
265 483 289 497 cst
303 481 346 502 quod
361 481 406 502 lingo
420 486 469 502 super
482 481 575 502 Angelicain

190 505 307 522 ,hierarchiam
318 506 385 524 inducit,
396 506 435 522 dum
446 506 469 522 ait
479 510 482 521 :
491 506 542 522 Minus
552 508 577 522 est

200 530 232 546 Deo
245 530 324 551 quidquid
336 531 356 546 de
367 535 386 546 eo
398 531 450 550 dicis;
462 533 478 546 et
489 533 543 546 tamen
556 531 576 546 de

200 555 235 576 ipso
243 555 273 571 hoc
283 555 329 573 dicis,
337 560 369 571 non
381 557 398 571 ut
408 555 428 571 ad
439 555 492 576 ipsum
503 555 576 574 accedas,

200 580 227 595 sed
236 581 253 595 ut
260 579 275 595 ei
283 580 387 600 propinques,
396 580 470 600 Magnum
480 582 503 595 est
514 579 582 595 homini⁴

200 609 243 620 nunc
250 604 331 625 adipsum
342 604 371 623 ire,
379 604 409 620 etsi
421 608 452 620 non
464 604 510 620 detur
521 609 576 625 perve-

200 629 235 644 nire
244 629 261 644 in
271 628 301 644 boc
312 631 358 644 statu.
367 628 434 644 Dabitur
444 630 498 644 autern
510 630 575 649 postea;

200 658 243 669 nunc
255 657 292 669 vero
303 653 368 669 interim
379 655 431 669 totum
443 654 495 674 imago
505 655 534 669 est.

219 678 295 696 Quamvis
307 678 350 693 enirn
363 678 436 698 qnaedam
452 678 484 694 Deo
496 678 529 693 sint
541 682 576 698 pro-

200 702 240 723 pria,
248 704 264 718 et
272 702 317 723 quasi
325 704 376 718 totum
384 703 426 723 quod
436 702 478 718 Deus
488 704 512 718 cst
523 702 575 723 expri-

199 727 265 745 mentia,
273 729 291 742 ut
298 731 333 742 esse
341 727 429 745 infinitum,
438 731 472 743 esse
480 727 576 747 simpliciter

604 186 681 202 mixtione
694 189 710 202 et
725 186 844 207 potentialitatis
859 186 940 202 consortio
955 191 980 202 ca-

603 216 644 227 rens⁴
657 211 699 227 Deus
711 216 749 232 ergo
761 211 802 227 sicut
817 211 883 227 omnino
898 211 980 232 perfectus

603 238 683 254 censetur,
698 236 720 251 ita
734 236 812 252 veraciter
826 240 889 252 summe
903 235 979 256 simplex,

603 261 636 276 imo
647 265 676 276 sua
687 261 827 281 superessentialis
837 260 933 281 simplicitas
945 265 980 281 per-

603 285 673 301 hibetur⁴

623 310 695 330 insuper,
708 310 761 325 omnis
773 309 874 330 compositio,
887 309 980 330 indigenum

603 334 667 354 signum
678 336 706 350 est.
718 334 734 350 Si
746 334 789 350 enim
800 334 907 355 compositum
919 334 936 349 in
947 338 980 349 uno

603 363 658 374 eorum
667 364 702 379 quaa
709 359 725 374 in
733 359 768 379 ipso
778 361 815 374 aunt
826 361 875 374 totam
886 363 932 374 suam
944 363 980 379 per-

603 383 688 399 fectionem
698 383 769 402 baberet,
780 388 882 404 nequaquam
894 383 926 399 alio
937 383 979 399 indi-

602 410 652 429 geret,
664 412 693 424 nec
705 408 758 429 ipsum
770 408 841 426 liaberet,
853 413 903 429 quum
914 412 947 423 non
958 408 979 423 sit

603 432 687 453 pluralitas
694 433 729 448 sine
736 433 831 449 necessitate
839 432 918 453 ponenda,
924 437 980 448 secun-

585 457 596 472 Β
604 457 642 472 dum
650 457 769 478 Philosophum.
778 457 794 473 Si
802 461 840 477 ergo
850 459 892 473 esset
900 457 916 472 in
924 457 979 472 divina

603 483 660 497 natura
667 481 854 502 compositiu,diversitas
861 483 889 497 aut
896 486 928 497 non
936 481 980 497 iden>

603 506 640 522 titas
647 506 707 527 aliqua,
715 510 747 522 non
755 508 798 522 esset
805 506 821 522 in
830 506 862 522 Deo
869 511 933 522 summa
944 511 980 527 per-

603 530 657 549 fectio,
668 530 695 546 sed
707 536 757 546 unum
769 535 824 546 eorum
836 536 871 551 quae
883 531 899 546 in
910 531 945 551 ipso
956 535 980 546 ea<

603 557 644 573 sent,
652 555 706 576 aliquo
714 555 798 576 indigeret.
803 555 824 571 At
831 560 874 573 vero,
881 555 980 575 ubicumque

604 580 699 600 compositio
706 580 848 598 invenitur,unum
856 579 921 600 perficit
928 579 979 595 aliud:

604 604 652 625 idque
659 604 703 625 quod
711 604 780 625 perficit,
789 604 867 620 rationem
878 606 923 620 actus
934 604 980 620 sorti-

603 631 640 649 tur,
648 629 691 649 quod
702 631 755 645 autem
766 629 856 649 perficitur,
865 629 979 650 proprietatem

603 653 652 669 habet
663 653 737 674 potentia
748 655 796 674 atque
807 653 882 669 maten-im.
891 653 924 669 Nisi
935 653 979 669 enim

604 683 654 694 unum
671 678 756 699 perficeret
772 678 822 697 aliud,
838 678 907 694 inaniter
920 678 979 698 junge-

604 705 664 721 rentur,
672 704 747 723 essetque
758 703 774 718 in
784 703 840 718 eodem
849 702 935 718 multitudo
943 702 978 718 sine

603 732 655 743 causa⁴
664 727 716 745 Quum
724 731 761 747 ergo
769 727 843 748 superius
851 727 977 743 demonstratum
986 733 1006 743 m.
1012 735 1033 743 11.

199 751 295 772 perfectum,
308 756 343 767 esse
358 756 423 772 purum,
436 751 496 767 bonum
502 756 507 771 ;
522 753 575 767 tamen
584 752 595 768 C
603 752 629 770 sit,
638 752 680 773 quod
692 752 733 767 Deus
745 753 769 767 est
780 756 830 772 purus
841 753 891 770 actus,
899 756 935 767 esse
946 755 978 767 non

199 775 288 791 secundum
299 776 341 796 quod
353 780 382 792 nos
393 776 423 792 ista
434 780 529 796 cognoscere
540 780 575 796 pos-

199 805 261 819 sumus,
277 800 352 816 inferiora
366 802 414 821 atque
429 801 490 816 minora
504 802 542 816 sunt
556 805 575 816 eo

199 825 242 846 quod
252 825 294 841 Deus
304 827 333 841 est.
343 825 361 841 Et
372 825 413 844 ideo,
422 825 510 841 secundum
522 827 576 841 aucto-

199 854 234 865 rem
245 849 282 865 libri
293 850 312 865 de
325 849 385 868 Cauais,
396 854 426 866 nee
438 849 574 870 complementum

199 874 275 890 convenit
286 874 318 890 Deo
328 878 332 889 2
343 874 419 895 quoniam
432 874 485 890 omnis
497 874 575 895 perfectio

199 901 247 919 prout
259 903 268 914 a
280 898 327 914 nobis
339 898 437 919 apprehendi
450 899 498 917 valet,
510 899 575 919 indigna

199 925 223 939 est
231 923 307 944 eo,eujus
315 923 384 939 essentia
392 925 462 939 nostram
470 923 575 944 capacitatem

199 948 216 963 in
227 948 311 964 inlinitum
321 948 425 964 transcendit.

286 1014 408 1030 ARTmULus
420 1014 490 1030 xxxvi

261 1048 285 1063 De
295 1047 401 1066 simplicitate
411 1047 467 1062 divim*
477 1052 513 1062 esse⁴

230 1096 274 1113 ICUT
284 1098 360 1117 praetcrea
372 1101 391 1112 ex
403 1096 530 1112 Elementatione
540 1096 575 1111 Pro-

238 1121 258 1137 cli
269 1121 351 1139 elucescit,
362 1122 386 1136 est
396 1121 469 1141 quiedam
480 1120 576 1141 simplicitas

200 1151 229 1167 per
236 1146 323 1162 carentiam
334 1146 383 1161 totius
394 1145 498 1166 perfectionis
506 1150 510 1161 ι
518 1147 535 1161 et
542 1145 575 1161 liaec

199 1173 223 1187 est
235 1170 330 1191 simplicitas
343 1170 413 1186 materiae
428 1170 489 1191 primm,
502 1175 538 1191 quas
552 1172 576 1185 est

200 1200 240 1217 pura
250 1195 326 1216 potentia,
335 1196 411 1215 tanquam
421 1194 469 1210 totius
479 1194 576 1210 actualitatis

199 1220 334 1240 Iormalitatisque
344 1224 406 1240 expers.
415 1219 456 1235 Talis
467 1224 504 1239 ergo
514 1219 576 1240 simpli-

200 1245 240 1261 citas
257 1244 398 1265 imperfectissimo
415 1244 477 1259 entium
495 1244 575 1259 convenit.

199 1270 235 1286 Alia
249 1273 288 1285 vero
301 1271 353 1284 exstat
367 1268 469 1289 simplicitas,
485 1273 513 1289 per
528 1268 576 1284 totius

200 1294 328 1315 imperfectionis
333 1293 420 1309 carentiam
429 1298 432 1309 z
440 1295 457 1309 et
464 1293 494 1309 ista
503 1295 528 1309 est
539 1293 576 1309 sim-

201 1319 265 1341 plicitas
277 1318 326 1340 primi
341 1318 423 1339 principii,
436 1318 478 1339 quod
491 1320 515 1334 est
526 1322 577 1339 purus

603 778 656 797 potest
664 776 680 792 in
686 776 805 797 eocompositio
810 776 869 797 aliqua,
876 776 904 792 sed
909 778 933 792 cst
941 776 979 792 sim-

604 801 666 822 plicitas
677 801 729 822 plena.

623 826 679 841 Adhuc
690 827 750 843 autem.
761 827 832 841 extrema
843 830 871 841 seu
883 825 937 841 ultimi
948 827 979 841 ter-

604 850 643 866 mini
651 850 704 866 emnis
712 850 826 868 multitudinis,
834 852 872 865 suut
879 850 949 866 maxime
957 850 980 865 in-

603 875 693 891 divisibiles
710 879 805 895 summeque
822 874 910 895 simplices.
927 875 980 893 Quum

603 904 641 920 ergo
652 904 702 920 purus
715 901 760 915 actus
773 899 801 919 qui
815 899 856 915 Deus
869 901 899 917 est,
910 901 926 915 et
939 904 980 919 pura

604 924 680 945 potentia,
691 925 729 945 puta
740 923 811 942 materia,
823 923 855 939 sint
865 924 898 940 dno
908 925 980 939 extrema

603 951 619 964 et
634 948 698 964 termini
713 952 773 966 rerum,
785 950 848 968 oportet
862 950 949 968 utrumque
963 948 979 963 in

603 978 632 989 sua
646 974 702 988 natura
716 972 855 993 simplicissimum
872 977 907 988 esse
923 977 927 988 τ
942 977 979 988 nam

603 998 647 1016 alias,
659 997 772 1018 componentia
782 997 867 1018 utriusque
878 999 931 1013 essent
942 999 980 1013 ante

604 1022 638 1043 ipsa
648 1022 741 1042 composita,
752 1021 794 1037 sicut
804 1021 884 1042 principia
894 1024 932 1037 sunt
943 1024 981 1038 ante

583 1048 596 1063 D
604 1046 710 1068 principiata;
720 1048 736 1062 et
748 1048 787 1062 tunc
797 1046 839 1062 Deus
849 1050 881 1062 non
891 1048 933 1062 esset
942 1046 981 1062 sim-

604 1071 668 1092 pliciter
684 1071 755 1092 primum
772 1075 802 1087 nec
819 1075 868 1086 causa
883 1071 981 1092 simpliciter

604 1096 661 1117 prima,
671 1096 698 1111 sed
710 1100 760 1111 unum
770 1100 826 1111 eorum
836 1100 856 1111 ex
866 1096 926 1116 quibus
937 1100 980 1112 corn-

604 1123 695 1141 ponerctnr,
710 1124 739 1136 nec
753 1122 796 1136 esset
809 1125 838 1136 ens
853 1120 917 1140 penitus
935 1121 980 1136 inde-

604 1145 675 1166 pendens
686 1149 690 1160 :
701 1149 736 1165 quae
746 1145 800 1160 omnia
809 1145 925 1160 absurdissima
937 1147 979 1161 sunt.

604 1170 646 1186 Deus
657 1174 701 1190 ergov
712 1171 730 1185 ut
742 1169 764 1185 ait
777 1169 868 1188 Anselmus,
878 1170 918 1185 adeo
930 1174 981 1190 purus

604 1197 620 1210 et
631 1194 700 1215 simplex
712 1196 742 1212 est,
754 1195 772 1209 ut
783 1198 813 1209 nec
826 1199 843 1210 re
854 1198 883 1210 nec
897 1194 980 1210 intellectu

604 1219 655 1235 dividi
673 1220 725 1239 queat.
744 1218 822 1239 Denique,
840 1221 876 1234 ante
895 1218 980 1240 probatum
988 1226 1048 1235 mxv-u.

604 1245 634 1262 est,
645 1243 688 1264 quod
699 1243 741 1259 Deua
752 1247 783 1259 non
795 1243 847 1258 solnm
858 1245 883 1259 est
893 1248 940 1262 unus,
953 1244 981 1259 sed

605 1268 657 1284 unitas
672 1271 737 1288 prorsus
751 1267 848 1288 purissima
860 1269 877 1283 et
891 1267 933 1288 quod
948 1272 981 1284 non

604 1294 629 1309 est
641 1292 680 1313 quid
693 1292 763 1311 unitum,
773 1296 802 1308 nec
815 1294 839 1308 est
852 1292 868 1308 in
881 1292 916 1313 ipsu
927 1292 981 1313 aliqua

605 1318 649 1336 unio,
658 1317 686 1333 sed
696 1317 738 1338 quod
746 1317 781 1338 ipse
788 1318 812 1333 est
820 1317 940 1338 simplicissima
948 1318 982 1333 uni-
