1083 1563
218 130 238 141 oa
249 129 331 141 „mama
342 128 450 140 renuerimus
461 128 518 140 mvmss
529 129 547 140 n·
558 129 632 141 nunaunt>
641 134 660 137 —-
667 130 702 141 Λιιτ.
710 130 737 142 ¹¹¹

836 125 866 142 2⁷7

89 174 135 193 petus
146 172 225 193 passionis
237 172 314 188 rationem
325 172 397 190 obducit,
408 177 429 187 ne
439 172 465 187 de·
472 171 485 188 A
513 172 573 192 ltaque,
581 172 594 188 si
606 172 661 188 lumen
669 173 735 189 rationis
743 173 759 189 iu
770 172 817 189 nobis
827 172 868 189 forte

89 196 140 212 bitum
153 197 204 213 finem
215 199 310 217 rectumque
321 196 401 212 dictamen
414 196 465 212 consi-

89 221 133 237 deret
138 226 142 241 ;
148 223 164 237 et
171 226 204 242 quo
211 221 260 237 fuerit
267 221 378 237 veliementior
386 219 465 241 passionis

89 246 168 264 incursus,
177 251 196 262 eo
207 246 285 262 rationem
296 246 346 266 magis
357 250 366 261 a
378 246 414 261 luce
424 245 465 261 veri-

89 270 126 286 tatis
136 273 210 289 excaecat,
222 271 338 291 bestialemque
349 270 431 286 bominem
442 270 465 286 ef-

89 295 130 313 ficit,
140 295 162 311 ita
171 298 189 311 ut
199 296 250 311 instar
259 295 302 311 bruti
313 295 351 311 illuc
362 294 423 310 seratur
433 299 465 315 quo

89 320 142 340 passio
152 319 265 336 irrationabilis
276 319 350 340 impellit.

108 344 199 365 Propterea,
211 346 244 360 tam
256 344 345 360 secundum
361 344 465 364 philosophos

89 374 138 390 quam
150 369 237 390 theologos,
250 369 270 385 ad
284 369 314 384 hoc
327 371 378 385 totum
393 368 464 384 studium

89 393 155 409 rationis
166 396 190 409 est
201 394 301 412 vertendum,
312 395 330 409 ut
341 393 423 414 passiones
433 392 464 408 sibi

88 418 170 438 subjiciat,
183 423 203 434 oe
215 418 305 434 inordinate
317 418 411 438 insurgant3
423 419 439 433 et
451 417 464 433 si

88 443 179 463 insurgunt,
192 448 212 459 ne
224 443 240 458 iu
252 445 306 458 actum
321 442 415 458 irrefrenate
430 446 465 463 pro-

492 198 522 215 est,
537 196 655 217 insurgentium
669 199 713 213 ortus
728 198 821 218 passionum
837 198 869 213 cito

492 221 596 240 advertimus,
609 222 673 238 eusdem
687 222 785 243 spernimus,
797 222 869 238 dicentes

493 245 534 261 intra
545 250 574 261 nos
585 250 589 261 z
600 246 623 262 En
635 246 771 262 inordinatissima
783 247 837 265 motio,
849 251 869 262 en

492 275 541 291 prava
552 270 623 289 affectio,
636 276 656 287 en
671 271 798 292 contemptibilis
810 271 868 292 passio.

493 294 511 310 Et
518 294 546 315 qui
558 295 581 310 sic
592 299 639 315 agere
651 297 708 315 potest,
716 296 780 316 signum
792 297 816 311 est
826 295 869 316 quod

492 319 547 335 lumen
555 319 622 335 rationis
632 320 648 335 in
659 320 694 340 ipso
703 320 743 336 forte
753 322 783 339 ost,
791 320 869 341 passioni—

492 343 522 359 bus
537 344 627 363 dominans,
642 344 729 360 virtutibus
744 344 836 360 formatum
852 344 867 360 Si

492 370 545 384 sutem
561 370 625 389 peccata
640 369 753 390 passionesque
765 369 869 385 dominantur

492 393 541 413 capiti
553 395 612 412 nostro,
620 393 650 409 etsi
661 394 678 409 iu
690 394 724 414 ipso
734 394 827 414 passionum
837 394 868 409 fer-

492 422 530 433 vore
542 422 560 433 ac
573 418 634 438 impetu
649 418 703 434 taliter
714 423 741 434 eas
755 419 837 434 advertere
851 420 868 434 et

493 442 578 463 reprobare
588 443 680 463 nequimus,
689 443 745 459 saltem
756 443 830 464 praesenti
840 443 868 459 tali

87 467 150 483 cedant.
162 467 229 488 Nempe.
242 469 259 483 ut
274 467 349 488 princeps
361 466 482 488 philosopho-B
493 469 565 482 cessante
576 467 647 485 incursu,
658 467 779 486 erubescamus,
789 467 809 483 ad
822 467 868 483 ratio-

87 497 123 507 rum
139 496 168 508 nos
182 492 233 510 docet,
247 492 329 512 passiones
343 491 432 507 seeundum
447 495 464 506 se

87 521 116 532 nec
133 516 220 532 laudabiles
235 521 265 533 nec
279 516 395 537 vituperabiles
410 518 447 531 sunt
460 520 463 531 τ

87 541 164 561 quoniam
176 546 185 556 a
197 543 253 557 natura
266 541 327 559 insunt,
339 543 355 556 et
370 542 435 561 propter
446 545 465 556 en

87 570 122 586 quae
130 570 140 581 a
147 567 203 581 natura
210 565 294 583 babemus,
302 570 334 581 non
342 565 427 581 laudamur
435 569 465 580 nec

87 590 204 610 vituperamur.
215 590 234 605 Et
244 594 297 610 neque
309 590 356 610 primi
368 591 426 607 motus,
437 589 464 610 qui

88 619 128 635 pure
140 614 220 630 naturales
231 616 274 633 sunt,
286 619 316 630 nee
328 614 344 630 in
355 616 409 630 nostra
421 616 464 634 pote-

87 641 127 654 state
143 639 237 657 consistunt,
253 638 342 659 culpabiles
356 640 399 654 sunt.
411 638 464 656 Porro,

86 663 99 679 si
114 663 178 679 ratione
190 663 299 681 moderentur,
313 663 400 679 laudabiles
413 662 464 682 fiunt;

86 688 110 703 sin
122 689 184 706 aulem,
193 687 282 708 culpabiles
293 689 341 703 erunt
349 691 352 702 ε
361 687 464 707 quemadmo-

86 712 125 728 dum
135 712 154 728 de
163 714 207 728 motu
216 712 243 728 irae
251 712 331 728 videmus.
336 712 387 727 Potest
394 716 464 732 namque

86 736 109 752 ira
118 737 162 752 bena
171 741 190 752 ac
201 736 243 752 male
253 736 319 752 assumi.

492 496 529 507 nem
544 492 633 510 redeamus,
648 492 716 512 ejusque
729 492 791 512 judicio
805 492 869 513 aequis>

492 518 561 534 scentes,
573 516 593 532 de
606 516 686 537 preterito
697 516 739 533 malo
751 517 868 537 poenitearnns3

492 542 508 556 et
517 541 570 556 denuo
581 545 601 556 ne
611 541 627 556 in
638 541 691 557 simile
699 541 759 557 melum
771 541 868 557 infuturum

492 565 649 585 illabamur.providi
658 565 804 586 circumspectione
811 566 868 582 simus.

493 589 555 605 Etenim
567 590 590 605 sic
602 594 654 610 agere,
666 592 691 606 est
703 590 790 606 virtutibus
802 590 833 606 rite
845 591 868 606 in·

492 614 563 633 tendere,
575 616 623 635 atque
635 615 713 630 veraciter
725 615 815 631 studiosum
827 619 867 631 esse*

492 639 529 654 Tale
540 640 593 654 autem
605 643 682 655 conamen
694 639 806 660 unusquisque
818 639 837 655 ad
850 639 868 655 il-

493 663 544 679 larum
552 663 645 684 passionum
654 663 784 679 reformationem
795 666 868 680 constan-

492 688 524 703 tius
537 688 664 709 laboriosiusque
675 688 769 709 impendere
779 690 838 709 egeret,
848 689 868 704 ad

492 717 532 733 quas
544 712 569 728 vel
582 717 601 728 ax
614 713 697 728 harmonia
709 715 774 731 natura,
787 713 812 729 vel
825 715 868 729 certe

492 742 511 753 ex
524 737 594 757 pessima
606 737 728 756 consuetudine,
744 738 836 758 proniorem
851 742 868 754 sa

105 761 158 782 igitur
168 761 188 776 ad
200 761 229 777 boc
240 763 258 776 ut
270 761 311 776 ratio
323 760 425 781 passionibus
437 760 463 776 do-
471 760 482 776 C
492 762 545 777 sentit.
557 761 618 782 Nempe
626 766 658 783 quo
669 762 718 782 hujus
729 762 826 778 sanctissimi
836 764 869 778 stu-

87 786 164 804 minetur,
172 786 189 801 in
200 786 257 806 primis
266 785 332 806 quidem
343 785 433 801 necessaria
440 787 464 801 est

87 815 144 831 magna
156 810 247 831 prudentie,
257 812 303 826 cauta
313 810 388 830 cognitio,
397 812 413 825 et
423 810 465 825 inter

86 835 148 851 bonum
160 837 175 850 et
187 835 247 851 malum
259 839 296 850 vera
306 835 387 850 discretio.
398 835 464 850 Verum-

86 862 140 876 tamen
153 860 187 875 sola
199 860 270 880 cognitio
282 864 313 875 non
327 859 382 880 utique
396 859 463 878 suflicit,

86 885 113 900 sed
128 886 146 900 et
161 884 200 905 ipsoe
212 884 279 905 insuper
293 884 360 900 virtutes
375 884 464 900 babituales

86 909 216 925 extremitatibus
224 909 323 930 passionum,
329 909 404 924 videlicet
411 913 464 924 exces-

85 934 110 950 sui
126 936 176 955 atque
191 933 267 951 defectui,
282 933 359 954 oppositae
372 933 462 953 exiguntur.

85 959 119 975 Non
132 958 178 974 enim
191 958 210 974 ad
225 958 337 974 refrenandam
350 958 389 973 iram
402 957 464 973 sufficit

85 984 159 1004 cognitio
169 983 249 1004 quomodo
259 983 282 998 ira
293 982 389 998 moderanda
399 982 425 1001 sit,
436 982 464 998 eed

86 1008 195 1024 mansuetudo
207 1012 272 1028 quoque
284 1007 372 1028 requiritur
377 1011 382 1027 ς
394 1007 464 1027 cognitio

85 1035 140 1049 autem
154 1032 261 1053 praeexigitur,
273 1034 291 1047 ut
303 1036 332 1052 per
343 1036 378 1047 eam
391 1031 464 1047 habitum

492 787 514 802 dii
523 786 574 807 major
581 788 605 802 est
616 786 666 805 labor,
674 791 694 802 eo
706 787 767 802 fructus
775 787 805 803 erit
816 787 869 808 copio-

492 811 530 829 sior,
538 813 585 831 etque
593 811 644 827 honor
651 811 741 827 sublimiori
748 811 817 827 Omnino
824 812 868 827 enim

492 840 549 856 magna
559 835 636 851 violentia
643 838 667 851 est
677 836 773 854 necessaria,
781 838 798 852 et
806 836 822 852 in
833 836 868 857 ipso

492 860 577 876 conamine
588 860 639 876 multa
651 865 709 881 poena;
722 860 749 876 sed
762 860 868 877 consideratio

492 884 554 900 fructus
569 886 585 900 et
599 889 635 905 spes
651 885 712 905 praemii
728 885 811 901 horrorem
826 885 868 901 bullit

493 909 557 927 laboris,
569 911 585 925 et
594 909 627 924 vim
638 909 698 929 flagelli
708 909 788 925 diminuit.

512 933 558 949 Circa
571 934 668 954 praeinducta
679 936 732 949 autern
743 934 808 954 expedit
819 934 866 952 scire,

492 958 535 979 quod
551 960 634 979 peccatum
649 958 736 974 voluntatis
749 959 827 979 contingit
838 959 866 974 du-

493 983 561 1004 pliciter,
567 983 656 999 secuudum
664 983 766 999 Aristotelem
774 983 790 998 iu
798 983 866 999 Etlticis:

492 1008 518 1023 vel
530 1012 549 1023 ex
560 1007 639 1028 passionis
650 1007 759 1025 inclinatione,
768 1009 785 1023 ut
795 1007 828 1028 jam
839 1012 867 1023 ex-

493 1032 575 1052 planatum
587 1034 621 1051 est;
633 1032 658 1047 vel
668 1036 688 1047 ex
699 1034 742 1047 certa
754 1032 820 1051 malitia,
832 1037 868 1053 quoe,

86 1057 153 1073 virtutis
168 1057 220 1072 sortiri
236 1061 317 1072 conemur.
331 1056 386 1077 ltaque
401 1056 417 1072 iu
430 1056 465 1077 ipso
472 1055 485 1071 D
493 1056 548 1076 utiquc
556 1056 648 1076 corruptiva
655 1058 679 1072 est
687 1056 731 1073 finis.
738 1058 756 1071 ut
763 1056 790 1077 qui
801 1058 868 1077 propter

86 1082 160 1099 exordio,
166 1083 251 1102 antequam
259 1081 297 1096 boni
305 1081 376 1101 malique
383 1081 465 1096 discretio<

87 1111 122 1122 nem
128 1106 258 1124 babemus,malo
263 1105 337 1121 resistere
346 1110 377 1121 nun
383 1105 454 1121 velemus
460 1109 464 1124 ;

86 1131 124 1147 dum
132 1133 188 1146 autem
196 1130 309 1146 discretionem
318 1129 401 1148 babemus,
409 1130 422 1145 si
433 1134 465 1145 ma<

87 1156 120 1171 lum
136 1160 170 1171 non
182 1155 257 1173 vitamus,
269 1155 400 1175 transgredimur.
412 1154 463 1173 Ouum

86 1183 141 1197 autem
153 1180 241 1196 virtutibus
251 1179 360 1200 adipiscendis
370 1179 434 1195 studere
441 1179 464 1195 in-

86 1206 164 1226 cipimus,
175 1205 191 1220 in
204 1204 284 1225 principio
296 1204 355 1225 smpius
368 1204 465 1220 inordinatos

87 1230 182 1251 passionum
195 1229 275 1249 impulsus
287 1229 379 1248 sentimus3
393 1233 425 1249 quo
439 1233 465 1244 au-

87 1257 119 1270 tern
135 1254 188 1274 magis
203 1253 303 1274 proficimus,
318 1257 338 1269 eo
352 1253 403 1269 rarius
417 1255 465 1273 atque

87 1279 159 1295 debilius
176 1278 215 1294 talia
231 1278 305 1298 patimur.
323 1277 412 1293 Virtutibus
429 1282 466 1293 vero

87 1304 157 1325 adeptis,
168 1303 194 1319 vel
205 1307 238 1319 non
249 1303 339 1323 insurgunt,
350 1304 378 1318 aut
388 1302 401 1318 si
413 1303 466 1318 oriun-

89 1331 120 1347 tur,
129 1328 166 1344 sine
176 1327 274 1343 difficultate
282 1327 368 1348 pelluntur.

493 1080 565 1096 habitum
577 1081 652 1096 vitiosum
664 1085 695 1101 quo
708 1081 795 1097 infeliciter
807 1081 868 1097 involu-

493 1107 517 1120 tus
528 1107 558 1123 est.
570 1109 589 1120 ex
602 1105 681 1120 electione
692 1105 737 1125 pravi
748 1105 786 1121 finis
796 1108 852 1126 peceat
864 1110 867 1121 :

492 1129 628 1150 quomadmodum
640 1129 732 1145 habituatus
744 1129 812 1146 luxurias
824 1130 868 1146 liabi-

493 1155 515 1171 tu,
524 1154 539 1169 in
548 1154 583 1174 ipsa
590 1154 695 1170 delectatione
703 1159 771 1170 venerea
779 1154 829 1170 finem
837 1155 868 1171 sibi

493 1178 581 1196 constituit,
591 1183 659 1199 eamque
670 1183 701 1194 nou
714 1181 778 1199 propter
790 1180 868 1200 passionis

493 1204 569 1224 vigorem,
577 1203 604 1218 sed
616 1205 682 1224 propter
692 1208 709 1219 se
721 1204 771 1224 ipsam
782 1204 866 1220 desiderat.

493 1228 512 1243 Et
519 1228 572 1243 taliter
579 1232 652 1248 peccans,
657 1228 746 1244 secundum
754 1228 867 1249 Philosophum

493 1252 562 1273 septimo
574 1252 672 1271 Ethicorum,
684 1252 787 1273 imptenitens
799 1253 867 1272 dicitur,

493 1277 582 1293 secundum
594 1277 676 1297 theologos
687 1281 730 1295 vero,
741 1277 828 1293 induratus.
838 1278 867 1294 Sed

494 1302 546 1322 primo
559 1302 606 1317 modo
618 1306 692 1322 peccans,
705 1301 778 1322 passione
790 1304 868 1321 cessante,

495 1326 568 1342 celeriter
578 1326 650 1347 poeuitet.
