1083 1563
207 116 236 133 190

283 121 396 133 nazarenum(
407 122 423 134 ΙΝ
434 122 490 134 mmm
501 122 522 134 ΔΙ)
532 122 575 134 ΜΠ
585 122 695 134 cmvsmznano
705 122 805 135 Tnssomfllca,
813 127 834 130 —
841 123 876 134 ΛΠ.
885 123 910 135 tm

205 163 278 184 gigneret
288 164 325 183 ule,
337 164 384 185 quale
395 164 448 185 ipsum
460 167 488 180 est⁴
499 165 544 181 Licet
554 170 582 181 au-
589 165 601 181 A
609 165 674 182 vinculo
684 165 785 184 intermedio,
793 165 835 181 sicut
846 166 899 181 omnis
906 167 951 181 actus
962 165 987 181 in-

205 190 237 204 tem
246 190 302 204 notura
312 189 328 204 in
338 189 412 209 prasenti
423 189 455 205 vita
465 189 582 210 redintegretur

205 217 234 233 per
240 213 307 233 gratiam
318 213 334 229 in
344 213 441 234 quibusdam
452 214 504 234 quoad
515 214 531 229 id
538 214 581 234 quod

205 241 277 257 personas
287 239 316 256 est,
325 239 378 253 tamen
388 238 477 254 secundum
488 243 506 254 ea
516 243 552 259 quae
562 238 581 254 ad

205 263 265 278 natura
279 262 386 282 integritatem
401 263 487 283 pertinent,
503 267 534 279 non
549 263 581 279 nisi

204 286 220 301 in
230 286 285 302 lutura
294 287 327 302 vita
336 287 425 307 reparanda
435 289 459 303 est
470 287 485 303 in
496 288 553 303 Beatis.
561 296 581 299 —

204 311 286 329 Proeteren,
300 311 336 327 licet
349 316 378 332 per
390 312 481 332 passionem
494 312 552 328 Christi
565 314 581 328 et

204 337 303 351 sacramenta
318 336 398 354 Ecclesiae,
411 336 472 352 reddita
487 337 520 352 sint
534 336 581 352 nobis

204 365 239 380 quaa
247 360 263 376 in
271 360 320 376 Adam
330 360 436 381 perdidimus,
444 365 476 377 non
486 363 540 376 tamen
547 366 580 377 orn-

203 385 230 400 nin
246 385 263 400 in
280 385 354 405 proesenti
370 385 402 401 vita
418 386 537 406 consequimur,
553 386 581 402 sed

203 409 276 430 quaedam
287 414 336 428 nnnc,
346 410 408 426 scilicet
419 410 497 430 gratiam3
507 411 580 431 quiedam

203 434 220 449 in
238 434 297 455 patria,
314 434 390 450 videlicet
409 435 545 450 immortalitatem
565 437 581 451 et

609 190 688 205 trinsecus
699 195 732 206 suae
743 190 824 210 potentin,
834 190 923 206 secundum
934 190 987 206 Philo-

609 214 677 234 sophum
685 216 742 230 octavo
749 214 866 235 Melaphysicae.
875 214 953 233 Quoniam
963 219 988 230 er-

608 242 628 258 go
639 243 658 254 ex
670 239 729 254 unione
739 239 797 254 animm
807 238 827 254 ad
839 243 897 259 corpus
907 238 987 254 contrahit

608 263 644 283 ipsa
650 263 728 283 originale
735 265 889 283 peceatum,eonstat
896 263 938 284 quod
947 263 986 279 illud

609 287 701 303 immediate
714 288 780 308 respicit
795 288 881 303 essentiam
894 288 957 306 animm,
970 289 987 303 et

608 316 627 327 ex
636 312 740 332 consequenti
749 312 833 333 potentias.
842 312 955 328 Verumtamen
962 317 986 328 se-

609 336 679 352 cundum
693 337 775 352 materiale
787 337 830 357 quod
846 337 862 352 in
875 339 940 357 peccato
955 337 986 353 isto

608 363 638 379 est,
646 361 708 376 scilicet
716 361 864 382 concupiscentiam
872 361 897 377 vel
906 361 985 380 tomitem,

608 387 632 401 cst
642 386 692 406 magis
702 386 719 401 in
729 386 833 401 inferioribus
844 386 901 402 animle
912 386 985 406 viribus;

608 410 696 426 secundum
710 410 777 426 formale
791 412 851 429 autem,
864 410 926 426 scilicet
940 410 986 426 deor-

608 435 713 454 dinationem,
721 437 745 451 est
753 435 842 455 praesertim
850 435 866 450 in
874 435 986 456 superioribus

203 458 239 474 ulio.
250 459 294 474 Unde
306 459 344 475 licet
353 464 431 479 generans
441 464 470 480 per
480 459 580 480 Baptismum
589 460 600 475 B
608 459 675 475 viribus.
689 460 757 480 Ideoque
769 464 798 480 per
810 460 888 480 originale
900 462 985 480 peccatum

203 483 224 498 ab
236 483 311 504 originali
326 486 408 504 purgetur,
421 486 474 499 tumen
487 484 503 500 in
518 484 579 505 prolem

203 507 224 524 ab
236 508 271 529 ipso
283 508 401 524 transfunditur
409 513 413 524 1
421 509 459 529 quia
469 509 541 529 purgatio
553 509 580 525 ho-

204 533 253 548 minis
265 533 282 548 in
293 533 374 553 Bsptisrno
385 533 468 549 ordinatur
478 534 497 549 sd
509 533 524 549 id
537 534 579 554 quod

204 562 276 578 personne
287 559 316 576 est,
324 559 341 573 et
351 558 370 573 ad
381 560 426 573 actus
437 558 538 578 personales;
548 563 580 574 non

203 584 257 598 autem
268 584 344 603 purgatur
356 585 434 603 quantum
445 583 464 598 nd
475 583 490 598 id
500 583 543 603 quod
553 588 580 598 na-

203 609 243 623 turae
253 609 283 625 est.
291 609 307 623 et
317 608 369 628 quoad
380 610 426 623 actus
437 610 502 624 naturae,
511 608 580 629 ideoque

203 636 232 652 per
242 632 367 652 generationem,
376 637 412 653 quaa
422 634 447 648 est
457 634 502 648 actus
513 635 579 651 natura,

203 656 285 677 originalis
298 656 363 672 infectio
377 657 500 676 transfunditur,
513 657 550 673 licet
563 657 579 673 in

203 683 289 701 generante
301 686 332 697 non
344 684 407 697 maneat
417 682 468 702 quoad
481 684 548 698 reatum.
559 691 580 693 —

204 705 219 721 Si
231 708 285 721 autem
296 706 337 722 Deus
348 711 377 727 per
388 706 483 722 miraculum
497 707 579 722 hominem

204 730 251 746 modo
263 735 283 746 ex
293 730 343 751 digito
356 731 437 749 conderet,
448 733 502 747 essent
513 731 578 752 quidem

608 488 663 500 omnes
679 484 754 505 potentiae
769 484 870 500 inficiuntur.
883 484 933 500 Omne
947 489 986 500 vero

608 511 697 530 peccatum,
710 509 759 525 etiam
770 508 854 529 originale,
864 511 888 525 est
900 509 916 525 in
929 509 985 525 volun-

607 536 639 549 tate
650 533 692 549 sicut
699 534 715 549 in
726 538 778 552 causa,
787 538 819 549 non
829 535 882 549 tamen
891 538 956 554 semper
966 536 984 549 ut

608 558 624 574 in
633 558 711 578 subjecto.

627 583 704 599 Prseieren
723 583 775 598 tribus
794 583 887 599 attribuitur
905 583 983 603 originale

607 610 697 628 peccatum,
708 607 770 623 scilicet
779 612 782 623 z
790 608 886 628 generativis
896 608 938 623 inter
947 612 983 628 par-

607 634 630 648 tes
642 632 706 651 animm,
718 632 767 648 tactui
782 634 835 648 autem
851 632 892 648 inter
904 632 983 653 potentias

607 657 697 675 sensitivns,
709 657 831 677 concupiscibili
844 661 883 673 vero
892 657 935 672 sicut
945 661 983 677 ope-

606 682 661 697 rntivae
676 681 737 700 virtuti,
750 681 787 702 quia
800 681 830 697 ista
841 682 872 697 tria
883 682 982 702 proeeipuum

606 706 679 722 ordinem
687 706 747 722 hahent
754 706 773 722 ad
783 708 837 722 actum
847 710 879 726 quo
886 708 942 722 natura
953 708 983 721 tra·

607 731 671 746 ducitur
679 735 683 746 :
691 731 729 751 quia
736 731 821 747 delectatio
829 731 901 747 consistit
909 731 926 747 iu
933 733 982 748 tactu.

203 755 220 770 in
232 759 251 771 eo
262 754 334 771 defectus
345 755 374 776 qui
385 755 400 771 in
412 755 449 771 aliis
460 758 502 774 sunt,
514 760 546 771 non
557 758 579 771 ta>
588 755 696 771 Csuhstantia
707 757 752 771 actus
766 755 783 771 in
797 755 894 776 generativa,
907 755 984 776 concupi-

204 783 241 795 men
248 779 337 795 seeundum
348 779 390 800 quod
401 779 490 800 culpabiles
500 782 543 798 sunt,
551 780 579 796 sed

204 803 220 819 in
236 805 314 824 quantum
332 804 416 820 naturales.
432 813 452 816 —
466 804 533 825 lnsuper
547 805 579 820 dici

202 828 248 846 solet,
259 829 301 849 quod
313 829 326 844 si
338 828 396 844 mulier
407 831 489 849 peccasset
500 833 531 845 non
543 834 579 850 pec-

202 855 248 869 cante
255 853 295 871 viro,
304 853 331 869 illa
339 853 392 869 forsan
400 853 417 869 in
425 856 491 874 peccato
498 858 527 870 suo
536 854 579 870 obis-

203 880 232 896 set,
245 879 261 893 et
272 878 320 893 aliam
333 878 374 893 Deus
389 878 423 893 viro
438 878 512 898 iecisset,
524 878 550 894 vel
565 879 578 894 si

201 907 221 918 ex
229 907 247 918 ea
255 902 316 923 prolem
324 903 411 923 genuisset,
420 903 447 918 illa
454 903 544 923 corporales
552 903 578 919 de-

203 927 254 942 fectus
269 927 358 945 hshuisset,
373 927 435 943 scilicet
449 927 578 948 passibilitatem,

202 953 239 970 etei,
254 956 286 967 non
301 953 355 967 autern
370 951 442 967 delectus
457 952 484 972 qui
500 957 519 968 ex
534 954 578 973 parte

202 976 259 992 animae
270 978 313 992 sunt.
324 976 340 992 Si
350 978 403 992 autem
415 976 440 992 vir
451 979 533 997 peccasset
543 977 578 993 sine

202 1001 268 1019 femina,
278 1005 335 1017 ornnes
345 1001 395 1017 nihilo
406 1001 459 1017 minus
470 1001 542 1017 deiectus
552 1006 579 1022 po-

202 1025 240 1041 steri
255 1025 338 1043 luberent,
350 1025 388 1046 quia
402 1030 422 1041 ex
436 1025 500 1041 defectu
514 1026 577 1045 enimae,

606 780 668 796 scibilis
680 784 744 801 quoque
756 780 825 801 imperat
837 782 903 796 motum.
915 780 934 796 Et
945 780 984 796 lieet

606 805 698 825 generativa
709 804 789 825 pertineat
799 805 820 820 ad
831 805 936 825 vegetativam
947 810 983 825 par-

607 832 644 848 tem,
653 834 688 850 quae
696 829 784 845 secundum
793 834 810 845 se
818 829 875 845 rationi
883 834 915 845 non
922 829 982 848 obedit,

606 856 659 875 potest
668 856 721 869 tamen
733 854 749 869 in
759 859 778 870 ea
787 858 823 870 esse
833 854 863 870 ista
873 853 939 870 infectio
950 859 983 870 ma-

606 879 688 897 terialiter,
701 881 717 894 et
731 879 773 894 sicut
785 879 801 894 in
816 879 864 894 eoin
878 883 911 899 quo
925 878 983 895 fortius

606 903 675 919 sentitur
682 903 772 919 resistentia
777 903 829 919 carnis
837 905 892 919 contra
900 903 982 922 rationem,

606 930 622 944 et
629 928 671 944 sicut
682 928 697 943 in
708 928 808 949 primordiali
819 928 937 948 quodammodo
946 933 983 944 oau-

606 957 623 968 sa
637 952 729 968 iniectionis
744 952 832 973 originalis,
845 957 880 973 quas
893 957 921 973 per
934 957 982 973 gene—

606 977 673 993 rativam
685 977 787 993 dirrunditur.
801 977 845 993 Unde
857 979 881 993 est
894 977 910 992 in
923 982 941 993 ea
953 977 983 993 im-

607 1002 681 1020 mediate,
694 1003 710 1017 et
724 1002 741 1017 in
756 1001 833 1017 sensitiva
847 1003 892 1022 parte
907 1001 982 1020 mediate,

607 1027 622 1042 in
638 1028 716 1047 quantum
730 1026 801 1047 disponit
817 1028 833 1042 et
849 1026 913 1042 ordinat
928 1028 983 1042 actum

202 1050 274 1070 corporis
293 1052 378 1065 causantur
394 1050 472 1066 desectus.
488 1050 532 1066 Ratio
551 1056 578 1066 nu-
586 1050 598 1066 D
606 1051 706 1072 generativa.
715 1050 782 1066 infectio
793 1055 857 1071 quoque
868 1051 929 1067 fomitis
940 1051 983 1072 prin-

202 1076 235 1090 tem
247 1074 296 1094 hujus
309 1076 333 1089 est
346 1078 349 1090 :
363 1079 399 1090 nam
412 1074 428 1090 in
440 1075 542 1095 generatione
554 1076 579 1091 vir

203 1099 251 1115 habet
261 1103 278 1114 se
289 1099 345 1118 active,
357 1099 415 1115 mulier
425 1099 488 1120 passive
499 1100 579 1121 praebens-

202 1128 234 1144 que
245 1123 332 1139 materiam.

300 1178 423 1197 ARTICULUS
435 1179 478 1195 CXI.

202 1209 227 1225 De
241 1209 311 1228 subjecto
326 1210 415 1229 uriqinali's
426 1210 504 1228 peccati,⁸
517 1212 532 1225 el
547 1215 578 1225 cur

213 1232 266 1247 virtus
269 1232 367 1251 generativa
373 1232 425 1251 maqx's
430 1232 496 1247 dicatur
502 1233 567 1252 infecta,

237 1272 313 1291 ENIQUE,
326 1272 368 1288 sicut
382 1272 432 1292 gratia
446 1274 470 1288 est
485 1272 577 1288 immediate

245 1297 261 1313 in
274 1297 342 1313 essentia
354 1297 416 1316 animm,
428 1297 451 1313 sic
465 1299 481 1313 et
495 1297 578 1318 originalis

201 1323 254 1343 culpa.
265 1322 323 1338 Anima
333 1322 394 1343 quippo
404 1322 459 1338 unitur
469 1322 532 1343 corpori
543 1323 578 1338 sine

606 1076 679 1097 cipaliter
697 1076 713 1091 in
730 1075 832 1091 sensualitate
849 1076 944 1094 ostenditur,
959 1080 983 1091 ee—

606 1100 676 1116 cundum
690 1100 732 1121 quud
747 1100 814 1116 iniectio
828 1102 888 1116 natum
904 1100 983 1116 redundat

606 1125 622 1140 in
633 1125 737 1141 infectionem
747 1129 819 1145 personas
829 1125 880 1145 quoad
890 1126 936 1140 actus
945 1129 982 1145 par-

605 1150 710 1166 ticulares.—
716 1149 817 1165 Adscrihitur
824 1152 877 1165 aulem
885 1150 981 1170 generativa

605 1175 683 1195 originale
698 1177 787 1195 peccatum,
800 1175 889 1191 secundum
902 1174 944 1195 quod
956 1177 981 1190 est

606 1199 704 1220 principium
720 1201 765 1215 aetus
780 1199 858 1215 naturalis
876 1204 908 1220 quo
925 1201 982 1215 natura

605 1226 712 1245 propagutur;
723 1226 740 1240 et
754 1224 821 1242 actuale,
834 1226 883 1245 prout
894 1224 942 1240 habet
954 1228 981 1240 cx-

605 1249 671 1265 teriores
682 1251 727 1264 actus
736 1249 756 1264 ad
766 1249 885 1269 generationem
894 1249 981 1267 ordinatos,

605 1274 624 1289 nd
636 1274 669 1289 vim
681 1274 756 1289 motivam
768 1279 786 1289 ac
797 1274 890 1289 sensitivam
901 1274 982 1294 pertinen—

605 1301 633 1314 tes.
643 1298 662 1314 Et
669 1299 745 1319 queniam
755 1299 780 1315 vis
790 1299 867 1315 nutritiva
876 1299 924 1315 etiam
934 1304 983 1320 quos-

605 1323 641 1339 dam
655 1323 695 1339 tales
710 1326 754 1339 actus
769 1323 822 1342 hehet,
832 1326 849 1339 et
860 1324 982 1340 delectationem
