<?xml version="1.0" encoding="UTF-8"?>
<!DOCTYPE html PUBLIC "-//W3C//DTD XHTML 1.0 Transitional//EN"
    "http://www.w3.org/TR/xhtml1/DTD/xhtml1-transitional.dtd">
<html xmlns="http://www.w3.org/1999/xhtml" xml:lang="en" lang="en">
 <head>
  <title>
</title>
<meta http-equiv="Content-Type" content="text/html;charset=utf-8" />
  <meta name='ocr-system' content='tesseract 3.04.00' />
  <meta name='ocr-capabilities' content='ocr_page ocr_carea ocr_par ocr_line ocrx_word'/>
</head>
<body>
  <div class='ocr_page' id='page_1' title='image "./doctorisecstati10unkngoog/doctorisecstati10unkngoog_0229.png"; bbox 0 0 1083 1563; ppageno 0'>
   <div class='ocr_carea' id='block_1_1' title="bbox 204 124 972 144">
    <p class='ocr_par' dir='ltr' id='par_1_1' title="bbox 204 124 972 144">
     <span class='ocr_line' id='line_1_1' title="bbox 204 124 972 144; baseline 0 -2"><span class='ocrx_word' id='word_1_1' title='bbox 204 124 234 142; x_wconf 54' lang='lat'><strong>2¹⁶</strong></span> <span class='ocrx_word' id='word_1_2' title='bbox 246 129 359 142; x_wconf 59' lang='lat' dir='ltr'><strong>maruntii-m</strong></span> <span class='ocrx_word' id='word_1_3' title='bbox 367 130 382 142; x_wconf 79' lang='lat' dir='ltr'><strong>{N</strong></span> <span class='ocrx_word' id='word_1_4' title='bbox 389 130 446 142; x_wconf 75' lang='lat' dir='ltr'><strong>onoma</strong></span> <span class='ocrx_word' id='word_1_5' title='bbox 454 131 475 142; x_wconf 79' lang='grc' dir='ltr'><strong>ΑΙ)</strong></span> <span class='ocrx_word' id='word_1_6' title='bbox 482 130 524 142; x_wconf 63' lang='grc'><strong>08111</strong></span> <span class='ocrx_word' id='word_1_7' title='bbox 531 130 642 142; x_wconf 72' lang='grc' dir='ltr'><strong>0οΝΕΙὩΒΙΛΤ10</strong></span> <span class='ocrx_word' id='word_1_8' title='bbox 649 130 748 142; x_wconf 65' lang='grc' dir='ltr'><strong>ΤΒΕῠῑῠῑὶΙῦᾼ.</strong></span> <span class='ocrx_word' id='word_1_9' title='bbox 757 135 777 138; x_wconf 90' lang='grc'><strong>-</strong></span> <span class='ocrx_word' id='word_1_10' title='bbox 784 131 818 142; x_wconf 78' lang='grc' dir='ltr'>ΔΙΙΤ,</span> <span class='ocrx_word' id='word_1_11' title='bbox 827 130 895 144; x_wconf 67' lang='grc' dir='ltr'><strong>ΕΧΧΧΤΙΙ,</strong></span> <span class='ocrx_word' id='word_1_12' title='bbox 903 130 972 142; x_wconf 68' lang='lat' dir='ltr'><strong>mavul</strong></span> 
     </span>
    </p>
   </div>
   <div class='ocr_carea' id='block_1_2' title="bbox 276 173 599 205">
    <p class='ocr_par' dir='ltr' id='par_1_2' title="bbox 276 173 599 205">
     <span class='ocr_line' id='line_1_2' title="bbox 276 173 599 205; baseline 0 -1"><span class='ocrx_word' id='word_1_13' title='bbox 276 188 397 205; x_wconf 79' lang='lat' dir='ltr'>ARTICU&#39;LUS</span> <span class='ocrx_word' id='word_1_14' title='bbox 409 188 509 204; x_wconf 83' lang='lat' dir='ltr'>CXXXVII.</span> <span class='ocrx_word' id='word_1_15' title='bbox 586 173 599 189; x_wconf 69' lang='grc' dir='ltr'><strong>Δ</strong></span> 
     </span>
    </p>
   </div>
   <div class='ocr_carea' id='block_1_3' title="bbox 245 223 538 242">
    <p class='ocr_par' dir='ltr' id='par_1_3' title="bbox 245 223 538 242">
     <span class='ocr_line' id='line_1_3' title="bbox 245 223 538 242; baseline 0 -4"><span class='ocrx_word' id='word_1_16' title='bbox 245 223 270 239; x_wconf 72' lang='lat' dir='ltr'><strong>De</strong></span> <span class='ocrx_word' id='word_1_17' title='bbox 280 223 370 242; x_wconf 70' lang='lat' dir='ltr'><em>multiplici</em></span> <span class='ocrx_word' id='word_1_18' title='bbox 380 223 462 238; x_wconf 72' lang='lat' dir='ltr'><strong>dim‘sinne</strong></span> <span class='ocrx_word' id='word_1_19' title='bbox 471 224 538 242; x_wconf 73' lang='lat' dir='ltr'><strong>peccati.</strong></span> 
     </span>
    </p>
   </div>
   <div class='ocr_carea' id='block_1_4' title="bbox 200 272 599 1350">
    <p class='ocr_par' dir='ltr' id='par_1_4' title="bbox 239 272 578 293">
     <span class='ocr_line' id='line_1_4' title="bbox 239 272 578 293; baseline 0 -5"><span class='ocrx_word' id='word_1_20' title='bbox 239 272 323 288; x_wconf 74' lang='lat' dir='ltr'><strong>ivmi&#39;rva</strong></span> <span class='ocrx_word' id='word_1_21' title='bbox 331 277 368 288; x_wconf 82' lang='lat' dir='ltr'><strong>vero</strong></span> <span class='ocrx_word' id='word_1_22' title='bbox 376 274 459 293; x_wconf 83' lang='lat' dir='ltr'><strong>peccatum</strong></span> <span class='ocrx_word' id='word_1_23' title='bbox 470 272 486 288; x_wconf 86' lang='lat' dir='ltr'><strong>iu</strong></span> <span class='ocrx_word' id='word_1_24' title='bbox 495 274 578 293; x_wconf 78' lang='lat' dir='ltr'><strong>peecatum</strong></span> 
     </span>
    </p>

    <p class='ocr_par' dir='ltr' id='par_1_5' title="bbox 201 297 599 882">
     <span class='ocr_line' id='line_1_5' title="bbox 246 297 579 318; baseline -0.003 -5"><span class='ocrx_word' id='word_1_25' title='bbox 246 297 446 317; x_wconf 79' lang='lat' dir='ltr'><strong>cogitationis(secundum</strong></span> <span class='ocrx_word' id='word_1_26' title='bbox 453 297 495 318; x_wconf 82' lang='lat' dir='ltr'><strong>quod</strong></span> <span class='ocrx_word' id='word_1_27' title='bbox 504 297 579 317; x_wconf 73' lang='lat' dir='ltr'><strong>cogitatio</strong></span> 
     </span>
     <span class='ocr_line' id='line_1_6' title="bbox 203 322 578 342; baseline 0 -5"><span class='ocrx_word' id='word_1_28' title='bbox 203 322 313 342; x_wconf 70' lang='lat' dir='ltr'><strong>complectitur</strong></span> <span class='ocrx_word' id='word_1_29' title='bbox 319 322 419 337; x_wconf 69' lang='lat' dir='ltr'><strong>affectionem</strong></span> <span class='ocrx_word' id='word_1_30' title='bbox 424 326 521 342; x_wconf 79' lang='lat' dir='ltr'><strong>omnemque</strong></span> <span class='ocrx_word' id='word_1_31' title='bbox 526 323 578 337; x_wconf 84' lang='lat' dir='ltr'><strong>actum</strong></span> 
     </span>
     <span class='ocr_line' id='line_1_7' title="bbox 203 346 578 367; baseline 0 -5"><span class='ocrx_word' id='word_1_32' title='bbox 203 346 309 366; x_wconf 80' lang='lat' dir='ltr'><strong>interiorem),</strong></span> <span class='ocrx_word' id='word_1_33' title='bbox 320 346 411 365; x_wconf 72' lang='lat' dir='ltr'><strong>lucutionis,</strong></span> <span class='ocrx_word' id='word_1_34' title='bbox 421 346 474 367; x_wconf 85' lang='lat' dir='ltr'><strong>operis</strong></span> <span class='ocrx_word' id='word_1_35' title='bbox 486 348 502 362; x_wconf 87' lang='lat' dir='ltr'><strong>et</strong></span> <span class='ocrx_word' id='word_1_36' title='bbox 512 351 578 362; x_wconf 83' lang='lat' dir='ltr'><strong>consue-</strong></span> 
     </span>
     <span class='ocr_line' id='line_1_8' title="bbox 203 371 579 391; baseline 0 -5"><span class='ocrx_word' id='word_1_37' title='bbox 203 371 269 386; x_wconf 66' lang='lat' dir='ltr'><strong>tudinis,</strong></span> <span class='ocrx_word' id='word_1_38' title='bbox 278 371 296 386; x_wconf 69' lang='lat' dir='ltr'><strong>Et</strong></span> <span class='ocrx_word' id='word_1_39' title='bbox 306 371 375 387; x_wconf 85' lang='lat' dir='ltr'><strong>sumitur</strong></span> <span class='ocrx_word' id='word_1_40' title='bbox 385 371 418 387; x_wconf 59' lang='lat' dir='ltr'><strong>haec</strong></span> <span class='ocrx_word' id='word_1_41' title='bbox 430 371 545 391; x_wconf 79' lang='lat' dir='ltr'><strong>quadripartita</strong></span> <span class='ocrx_word' id='word_1_42' title='bbox 555 371 579 386; x_wconf 82' lang='lat' dir='ltr'><strong>di-</strong></span> 
     </span>
     <span class='ocr_line' id='line_1_9' title="bbox 203 395 579 416; baseline 0 -5"><span class='ocrx_word' id='word_1_43' title='bbox 203 395 244 411; x_wconf 83' lang='lat' dir='ltr'><strong>visio</strong></span> <span class='ocrx_word' id='word_1_44' title='bbox 251 395 339 411; x_wconf 86' lang='lat' dir='ltr'><strong>secundum</strong></span> <span class='ocrx_word' id='word_1_45' title='bbox 347 395 405 416; x_wconf 80' lang='lat' dir='ltr'><strong>gradus</strong></span> <span class='ocrx_word' id='word_1_46' title='bbox 416 395 475 416; x_wconf 80' lang='lat' dir='ltr'><strong>quibus</strong></span> <span class='ocrx_word' id='word_1_47' title='bbox 486 395 579 416; x_wconf 84' lang='lat' dir='ltr'><strong>pervenitur</strong></span> 
     </span>
     <span class='ocr_line' id='line_1_10' title="bbox 202 420 578 440; baseline 0 -5"><span class='ocrx_word' id='word_1_48' title='bbox 202 420 222 435; x_wconf 95' lang='lat' dir='ltr'><strong>ad</strong></span> <span class='ocrx_word' id='word_1_49' title='bbox 230 420 326 440; x_wconf 86' lang='lat' dir='ltr'><strong>completam</strong></span> <span class='ocrx_word' id='word_1_50' title='bbox 337 420 414 435; x_wconf 88' lang='lat' dir='ltr'><strong>rationem</strong></span> <span class='ocrx_word' id='word_1_51' title='bbox 426 420 493 440; x_wconf 85' lang='lat' dir='ltr'><strong>peccati,</strong></span> <span class='ocrx_word' id='word_1_52' title='bbox 502 420 518 435; x_wconf 88' lang='lat' dir='ltr'><strong>iu</strong></span> <span class='ocrx_word' id='word_1_53' title='bbox 529 424 578 440; x_wconf 80' lang='lat' dir='ltr'><strong>quan-</strong></span> 
     </span>
     <span class='ocr_line' id='line_1_11' title="bbox 203 444 578 465; baseline 0 -5"><span class='ocrx_word' id='word_1_54' title='bbox 203 447 235 460; x_wconf 89' lang='lat' dir='ltr'><strong>tum</strong></span> <span class='ocrx_word' id='word_1_55' title='bbox 243 449 285 460; x_wconf 76' lang='lat' dir='ltr'><strong>unus</strong></span> <span class='ocrx_word' id='word_1_56' title='bbox 292 446 337 460; x_wconf 78' lang='lat' dir='ltr'><strong>actus</strong></span> <span class='ocrx_word' id='word_1_57' title='bbox 344 444 390 460; x_wconf 79' lang='lat' dir='ltr'><strong>alteri</strong></span> <span class='ocrx_word' id='word_1_58' title='bbox 401 445 465 460; x_wconf 92' lang='lat' dir='ltr'><strong>additur</strong></span> <span class='ocrx_word' id='word_1_59' title='bbox 474 445 493 460; x_wconf 92' lang='lat' dir='ltr'><strong>ad</strong></span> <span class='ocrx_word' id='word_1_60' title='bbox 504 444 578 465; x_wconf 74' lang='lat' dir='ltr'><strong>perfecti-</strong></span> 
     </span>
     <span class='ocr_line' id='line_1_12' title="bbox 202 468 599 490; baseline -0.003 -5"><span class='ocrx_word' id='word_1_61' title='bbox 202 474 249 485; x_wconf 84' lang='lat' dir='ltr'><strong>onem</strong></span> <span class='ocrx_word' id='word_1_62' title='bbox 262 469 336 490; x_wconf 72' lang='lat' dir='ltr'><strong>peccati3</strong></span> <span class='ocrx_word' id='word_1_63' title='bbox 349 471 365 485; x_wconf 84' lang='lat' dir='ltr'><strong>et</strong></span> <span class='ocrx_word' id='word_1_64' title='bbox 379 469 415 485; x_wconf 85' lang='lat' dir='ltr'><strong>ideo</strong></span> <span class='ocrx_word' id='word_1_65' title='bbox 430 469 508 490; x_wconf 72' lang='lat' dir='ltr'><strong>posterior</strong></span> <span class='ocrx_word' id='word_1_66' title='bbox 520 469 578 489; x_wconf 71' lang='lat' dir='ltr'><strong>gradus</strong></span> <span class='ocrx_word' id='word_1_67' title='bbox 587 468 599 483; x_wconf 87' lang='lat' dir='ltr'>B</span> 
     </span>
     <span class='ocr_line' id='line_1_13' title="bbox 202 494 578 514; baseline 0 -5"><span class='ocrx_word' id='word_1_68' title='bbox 202 494 325 514; x_wconf 83' lang='lat' dir='ltr'><strong>comprehendit</strong></span> <span class='ocrx_word' id='word_1_69' title='bbox 332 494 407 514; x_wconf 75' lang='lat' dir='ltr'><strong>priorem.</strong></span> <span class='ocrx_word' id='word_1_70' title='bbox 416 494 435 509; x_wconf 82' lang='lat' dir='ltr'><strong>Et</strong></span> <span class='ocrx_word' id='word_1_71' title='bbox 444 496 468 510; x_wconf 84' lang='lat' dir='ltr'><strong>est</strong></span> <span class='ocrx_word' id='word_1_72' title='bbox 479 494 509 509; x_wconf 80' lang='lat' dir='ltr'><strong>ista</strong></span> <span class='ocrx_word' id='word_1_73' title='bbox 520 494 578 510; x_wconf 87' lang='lat' dir='ltr'><strong>divisio</strong></span> 
     </span>
     <span class='ocr_line' id='line_1_14' title="bbox 202 518 578 539; baseline 0 -5"><span class='ocrx_word' id='word_1_74' title='bbox 202 518 248 539; x_wconf 78' lang='lat' dir='ltr'><strong>quasi</strong></span> <span class='ocrx_word' id='word_1_75' title='bbox 256 519 305 534; x_wconf 88' lang='lat' dir='ltr'><strong>totius</strong></span> <span class='ocrx_word' id='word_1_76' title='bbox 313 518 403 539; x_wconf 73' lang='lat' dir='ltr'><strong>potestativi</strong></span> <span class='ocrx_word' id='word_1_77' title='bbox 412 518 428 534; x_wconf 89' lang='lat' dir='ltr'><strong>in</strong></span> <span class='ocrx_word' id='word_1_78' title='bbox 437 523 474 534; x_wconf 83' lang='lat' dir='ltr'><strong>suas</strong></span> <span class='ocrx_word' id='word_1_79' title='bbox 482 519 578 539; x_wconf 66' lang='lat' dir='ltr'><strong>partesNou</strong></span> 
     </span>
     <span class='ocr_line' id='line_1_15' title="bbox 202 543 578 564; baseline 0 -5"><span class='ocrx_word' id='word_1_80' title='bbox 202 543 246 559; x_wconf 88' lang='lat' dir='ltr'><strong>enim</strong></span> <span class='ocrx_word' id='word_1_81' title='bbox 256 545 281 559; x_wconf 78' lang='lat' dir='ltr'><strong>est</strong></span> <span class='ocrx_word' id='word_1_82' title='bbox 291 548 319 564; x_wconf 82' lang='lat' dir='ltr'><strong>per</strong></span> <span class='ocrx_word' id='word_1_83' title='bbox 331 543 424 559; x_wconf 71' lang='lat' dir='ltr'><strong>essentiales</strong></span> <span class='ocrx_word' id='word_1_84' title='bbox 435 543 539 562; x_wconf 76' lang='lat' dir='ltr'><strong>differentias,</strong></span> <span class='ocrx_word' id='word_1_85' title='bbox 551 544 578 559; x_wconf 90' lang='lat' dir='ltr'><strong>sed</strong></span> 
     </span>
     <span class='ocr_line' id='line_1_16' title="bbox 202 568 577 588; baseline 0 -5"><span class='ocrx_word' id='word_1_86' title='bbox 202 572 231 588; x_wconf 86' lang='lat' dir='ltr'><strong>per</strong></span> <span class='ocrx_word' id='word_1_87' title='bbox 242 568 314 588; x_wconf 62' lang='lat' dir='ltr'><strong>quadam</strong></span> <span class='ocrx_word' id='word_1_88' title='bbox 327 572 363 588; x_wconf 68' lang='lat' dir='ltr'><strong>quas</strong></span> <span class='ocrx_word' id='word_1_89' title='bbox 374 568 450 583; x_wconf 81' lang='lat' dir='ltr'><strong>accidunt</strong></span> <span class='ocrx_word' id='word_1_90' title='bbox 462 568 493 588; x_wconf 85' lang='lat' dir='ltr'><strong>ipsi</strong></span> <span class='ocrx_word' id='word_1_91' title='bbox 506 570 577 588; x_wconf 81' lang='lat' dir='ltr'><strong>peccato.</strong></span> 
     </span>
     <span class='ocr_line' id='line_1_17' title="bbox 201 592 578 613; baseline 0.003 -6"><span class='ocrx_word' id='word_1_92' title='bbox 201 592 285 608; x_wconf 82' lang='lat' dir='ltr'><strong>Peccatum</strong></span> <span class='ocrx_word' id='word_1_93' title='bbox 293 597 356 613; x_wconf 80' lang='lat' dir='ltr'><strong>quoquo</strong></span> <span class='ocrx_word' id='word_1_94' title='bbox 364 592 485 608; x_wconf 79' lang='lat' dir='ltr'><strong>consuetudinis</strong></span> <span class='ocrx_word' id='word_1_95' title='bbox 492 595 516 608; x_wconf 81' lang='lat' dir='ltr'><strong>est</strong></span> <span class='ocrx_word' id='word_1_96' title='bbox 523 597 578 608; x_wconf 85' lang='lat' dir='ltr'><strong>secun-</strong></span> 
     </span>
     <span class='ocr_line' id='line_1_18' title="bbox 201 617 577 637; baseline 0 -5"><span class='ocrx_word' id='word_1_97' title='bbox 201 617 240 632; x_wconf 87' lang='lat' dir='ltr'><strong>dum</strong></span> <span class='ocrx_word' id='word_1_98' title='bbox 248 617 290 637; x_wconf 86' lang='lat' dir='ltr'><strong>quod</strong></span> <span class='ocrx_word' id='word_1_99' title='bbox 299 621 340 632; x_wconf 91' lang='lat' dir='ltr'><strong>unus</strong></span> <span class='ocrx_word' id='word_1_100' title='bbox 350 619 394 632; x_wconf 84' lang='lat' dir='ltr'><strong>actus</strong></span> <span class='ocrx_word' id='word_1_101' title='bbox 404 617 450 632; x_wconf 76' lang='lat' dir='ltr'><strong>alteri</strong></span> <span class='ocrx_word' id='word_1_102' title='bbox 460 617 577 637; x_wconf 81' lang='lat' dir='ltr'><strong>superadditur.</strong></span> 
     </span>
     <span class='ocr_line' id='line_1_19' title="bbox 202 641 578 662; baseline 0.003 -6"><span class='ocrx_word' id='word_1_103' title='bbox 202 641 221 656; x_wconf 85' lang='lat' dir='ltr'><strong>Et</strong></span> <span class='ocrx_word' id='word_1_104' title='bbox 230 641 306 662; x_wconf 79' lang='lat' dir='ltr'><strong>quoniam</strong></span> <span class='ocrx_word' id='word_1_105' title='bbox 318 642 417 657; x_wconf 75' lang='lat' dir='ltr'><strong>cousuetudo</strong></span> <span class='ocrx_word' id='word_1_106' title='bbox 424 643 448 657; x_wconf 82' lang='lat' dir='ltr'><strong>est</strong></span> <span class='ocrx_word' id='word_1_107' title='bbox 458 641 578 657; x_wconf 71' lang='lat' dir='ltr'><strong>circumstantia</strong></span> 
     </span>
     <span class='ocr_line' id='line_1_20' title="bbox 201 665 578 686; baseline 0 -5"><span class='ocrx_word' id='word_1_108' title='bbox 201 670 288 686; x_wconf 72' lang='lat' dir='ltr'><strong>aggravans</strong></span> <span class='ocrx_word' id='word_1_109' title='bbox 306 668 390 686; x_wconf 85' lang='lat' dir='ltr'><strong>peccatum</strong></span> <span class='ocrx_word' id='word_1_110' title='bbox 407 671 427 682; x_wconf 87' lang='lat' dir='ltr'><strong>ex</strong></span> <span class='ocrx_word' id='word_1_111' title='bbox 444 665 578 686; x_wconf 70' lang='lat' dir='ltr'><strong>multiplicatione</strong></span> 
     </span>
     <span class='ocr_line' id='line_1_21' title="bbox 201 690 578 711; baseline 0.003 -6"><span class='ocrx_word' id='word_1_112' title='bbox 201 690 312 708; x_wconf 80' lang='lat' dir='ltr'><strong>actuum,ideo</strong></span> <span class='ocrx_word' id='word_1_113' title='bbox 319 690 377 706; x_wconf 84' lang='lat' dir='ltr'><strong>divisio</strong></span> <span class='ocrx_word' id='word_1_114' title='bbox 384 693 433 711; x_wconf 83' lang='lat' dir='ltr'><strong>atque</strong></span> <span class='ocrx_word' id='word_1_115' title='bbox 441 695 533 711; x_wconf 75' lang='lat' dir='ltr'><strong>progressus</strong></span> <span class='ocrx_word' id='word_1_116' title='bbox 542 695 578 711; x_wconf 83' lang='lat' dir='ltr'><strong>pee-</strong></span> 
     </span>
     <span class='ocr_line' id='line_1_22' title="bbox 201 714 578 735; baseline 0 -5"><span class='ocrx_word' id='word_1_117' title='bbox 201 714 232 730; x_wconf 71' lang='lat' dir='ltr'><strong>caii</strong></span> <span class='ocrx_word' id='word_1_118' title='bbox 242 715 285 730; x_wconf 77' lang='lat' dir='ltr'><strong>sistit</strong></span> <span class='ocrx_word' id='word_1_119' title='bbox 295 715 311 730; x_wconf 91' lang='lat' dir='ltr'><strong>in</strong></span> <span class='ocrx_word' id='word_1_120' title='bbox 322 719 346 732; x_wconf 89' lang='lat' dir='ltr'><strong>ea.</strong></span> <span class='ocrx_word' id='word_1_121' title='bbox 355 715 392 735; x_wconf 79' lang='lat' dir='ltr'><strong>quia</strong></span> <span class='ocrx_word' id='word_1_122' title='bbox 404 717 439 735; x_wconf 85' lang='lat' dir='ltr'><strong>post</strong></span> <span class='ocrx_word' id='word_1_123' title='bbox 449 717 503 730; x_wconf 82' lang='lat' dir='ltr'><strong>actum</strong></span> <span class='ocrx_word' id='word_1_124' title='bbox 511 715 578 731; x_wconf 76' lang='lat' dir='ltr'><strong>exterio-</strong></span> 
     </span>
     <span class='ocr_line' id='line_1_23' title="bbox 202 739 577 755; baseline 0.003 -1"><span class='ocrx_word' id='word_1_125' title='bbox 202 743 236 755; x_wconf 85' lang='lat' dir='ltr'><strong>rem</strong></span> <span class='ocrx_word' id='word_1_126' title='bbox 246 743 278 755; x_wconf 86' lang='lat' dir='ltr'><strong>nou</strong></span> <span class='ocrx_word' id='word_1_127' title='bbox 288 741 313 754; x_wconf 91' lang='lat' dir='ltr'><strong>est</strong></span> <span class='ocrx_word' id='word_1_128' title='bbox 321 739 362 754; x_wconf 81' lang='lat' dir='ltr'><strong>alius</strong></span> <span class='ocrx_word' id='word_1_129' title='bbox 373 741 418 755; x_wconf 80' lang='lat' dir='ltr'><strong>actus</strong></span> <span class='ocrx_word' id='word_1_130' title='bbox 431 739 500 755; x_wconf 86' lang='lat' dir='ltr'><strong>exterior</strong></span> <span class='ocrx_word' id='word_1_131' title='bbox 512 739 577 755; x_wconf 72' lang='lat' dir='ltr'><strong>alterius</strong></span> 
     </span>
     <span class='ocr_line' id='line_1_24' title="bbox 201 762 596 784; baseline 0 -5"><span class='ocrx_word' id='word_1_132' title='bbox 201 763 306 784; x_wconf 76' lang='lat' dir='ltr'><strong>generis.Nec</strong></span> <span class='ocrx_word' id='word_1_133' title='bbox 314 763 422 779; x_wconf 83' lang='lat' dir='ltr'><strong>condividitur</strong></span> <span class='ocrx_word' id='word_1_134' title='bbox 429 764 528 779; x_wconf 83' lang='lat' dir='ltr'><strong>consuetudo</strong></span> <span class='ocrx_word' id='word_1_135' title='bbox 534 764 577 779; x_wconf 80' lang='lat' dir='ltr'><strong>actui</strong></span> <span class='ocrx_word' id='word_1_136' title='bbox 585 762 596 779; x_wconf 85' lang='lat' dir='ltr'>C</span> 
     </span>
     <span class='ocr_line' id='line_1_25' title="bbox 201 788 577 809; baseline 0 -5"><span class='ocrx_word' id='word_1_137' title='bbox 201 790 277 809; x_wconf 80' lang='lat' dir='ltr'><strong>tanquam</strong></span> <span class='ocrx_word' id='word_1_138' title='bbox 288 788 383 809; x_wconf 83' lang='lat' dir='ltr'><strong>simpliciter</strong></span> <span class='ocrx_word' id='word_1_139' title='bbox 390 788 465 804; x_wconf 80' lang='lat' dir='ltr'><strong>distincta</strong></span> <span class='ocrx_word' id='word_1_140' title='bbox 472 789 492 804; x_wconf 80' lang='lat' dir='ltr'><strong>ab</strong></span> <span class='ocrx_word' id='word_1_141' title='bbox 499 791 541 807; x_wconf 78' lang='lat' dir='ltr'><strong>actu,</strong></span> <span class='ocrx_word' id='word_1_142' title='bbox 550 789 577 804; x_wconf 87' lang='lat' dir='ltr'><strong>sed</strong></span> 
     </span>
     <span class='ocr_line' id='line_1_26' title="bbox 202 812 577 833; baseline 0.003 -5"><span class='ocrx_word' id='word_1_143' title='bbox 202 812 247 833; x_wconf 81' lang='lat' dir='ltr'><strong>quasi</strong></span> <span class='ocrx_word' id='word_1_144' title='bbox 264 813 340 828; x_wconf 76' lang='lat' dir='ltr'><strong>distincta</strong></span> <span class='ocrx_word' id='word_1_145' title='bbox 355 813 375 828; x_wconf 80' lang='lat' dir='ltr'><strong>ab</strong></span> <span class='ocrx_word' id='word_1_146' title='bbox 390 815 427 828; x_wconf 82' lang='lat' dir='ltr'><strong>actu</strong></span> <span class='ocrx_word' id='word_1_147' title='bbox 445 818 477 829; x_wconf 81' lang='lat' dir='ltr'><strong>nen</strong></span> <span class='ocrx_word' id='word_1_148' title='bbox 495 815 577 832; x_wconf 72' lang='lat' dir='ltr'><strong>consueto,</strong></span> 
     </span>
     <span class='ocr_line' id='line_1_27' title="bbox 201 837 578 858; baseline 0 -5"><span class='ocrx_word' id='word_1_149' title='bbox 201 837 335 858; x_wconf 73' lang='lat' dir='ltr'><strong>quemadmodum</strong></span> <span class='ocrx_word' id='word_1_150' title='bbox 344 838 359 853; x_wconf 88' lang='lat' dir='ltr'><strong>in</strong></span> <span class='ocrx_word' id='word_1_151' title='bbox 367 837 447 853; x_wconf 78' lang='lat' dir='ltr'><strong>divisione</strong></span> <span class='ocrx_word' id='word_1_152' title='bbox 454 838 503 854; x_wconf 74' lang='lat' dir='ltr'><strong>totius</strong></span> <span class='ocrx_word' id='word_1_153' title='bbox 510 840 578 858; x_wconf 85' lang='lat' dir='ltr'><strong>potesta-</strong></span> 
     </span>
     <span class='ocr_line' id='line_1_28' title="bbox 202 862 326 882; baseline 0 -5"><span class='ocrx_word' id='word_1_154' title='bbox 202 862 230 877; x_wconf 90' lang='lat' dir='ltr'><strong>tivi</strong></span> <span class='ocrx_word' id='word_1_155' title='bbox 242 862 326 882; x_wconf 66' lang='lat' dir='ltr'><strong>contingit,</strong></span> 
     </span>
    </p>

    <p class='ocr_par' dir='ltr' id='par_1_6' title="bbox 200 886 598 1350">
     <span class='ocr_line' id='line_1_29' title="bbox 221 886 577 907; baseline 0 -5"><span class='ocrx_word' id='word_1_156' title='bbox 221 886 275 905; x_wconf 81' lang='lat' dir='ltr'><strong>Porro,</strong></span> <span class='ocrx_word' id='word_1_157' title='bbox 287 887 318 902; x_wconf 90' lang='lat' dir='ltr'><strong>alia</strong></span> <span class='ocrx_word' id='word_1_158' title='bbox 330 886 395 907; x_wconf 87' lang='lat' dir='ltr'><strong>ponitur</strong></span> <span class='ocrx_word' id='word_1_159' title='bbox 410 886 468 902; x_wconf 91' lang='lat' dir='ltr'><strong>divisio</strong></span> <span class='ocrx_word' id='word_1_160' title='bbox 479 887 547 907; x_wconf 85' lang='lat' dir='ltr'><strong>peccati,</strong></span> <span class='ocrx_word' id='word_1_161' title='bbox 558 892 577 903; x_wconf 93' lang='lat' dir='ltr'><strong>ex</strong></span> 
     </span>
     <span class='ocr_line' id='line_1_30' title="bbox 202 911 578 932; baseline 0 -5"><span class='ocrx_word' id='word_1_162' title='bbox 202 913 246 932; x_wconf 80' lang='lat' dir='ltr'><strong>parte</strong></span> <span class='ocrx_word' id='word_1_163' title='bbox 253 911 319 931; x_wconf 74' lang='lat' dir='ltr'><strong>objecti,</strong></span> <span class='ocrx_word' id='word_1_164' title='bbox 324 911 399 927; x_wconf 83' lang='lat' dir='ltr'><strong>videlicet</strong></span> <span class='ocrx_word' id='word_1_165' title='bbox 408 911 423 927; x_wconf 91' lang='lat' dir='ltr'><strong>iu</strong></span> <span class='ocrx_word' id='word_1_166' title='bbox 432 913 514 932; x_wconf 80' lang='lat' dir='ltr'><strong>peccatum</strong></span> <span class='ocrx_word' id='word_1_167' title='bbox 523 913 578 927; x_wconf 81' lang='lat' dir='ltr'><strong>contra</strong></span> 
     </span>
     <span class='ocr_line' id='line_1_31' title="bbox 202 935 577 956; baseline 0 -5"><span class='ocrx_word' id='word_1_168' title='bbox 202 936 258 954; x_wconf 83' lang='lat' dir='ltr'><strong>Deum,</strong></span> <span class='ocrx_word' id='word_1_169' title='bbox 273 937 327 951; x_wconf 84' lang='lat' dir='ltr'><strong>contra</strong></span> <span class='ocrx_word' id='word_1_170' title='bbox 345 935 442 956; x_wconf 86' lang='lat' dir='ltr'><strong>proximum,</strong></span> <span class='ocrx_word' id='word_1_171' title='bbox 458 937 473 951; x_wconf 89' lang='lat' dir='ltr'><strong>et</strong></span> <span class='ocrx_word' id='word_1_172' title='bbox 490 938 545 951; x_wconf 84' lang='lat' dir='ltr'><strong>contra</strong></span> <span class='ocrx_word' id='word_1_173' title='bbox 560 941 577 952; x_wconf 83' lang='lat' dir='ltr'><strong>se</strong></span> 
     </span>
     <span class='ocr_line' id='line_1_32' title="bbox 201 960 578 981; baseline 0.003 -6"><span class='ocrx_word' id='word_1_174' title='bbox 201 960 260 981; x_wconf 66' lang='lat' dir='ltr'><strong>ipsum,</strong></span> <span class='ocrx_word' id='word_1_175' title='bbox 275 960 320 976; x_wconf 85' lang='lat' dir='ltr'><strong>Sicut</strong></span> <span class='ocrx_word' id='word_1_176' title='bbox 336 960 385 978; x_wconf 78' lang='lat' dir='ltr'><strong>enim,</strong></span> <span class='ocrx_word' id='word_1_177' title='bbox 400 960 489 976; x_wconf 80' lang='lat' dir='ltr'><strong>secundum</strong></span> <span class='ocrx_word' id='word_1_178' title='bbox 508 960 578 976; x_wconf 83' lang='lat' dir='ltr'><strong>Philoso-</strong></span> 
     </span>
     <span class='ocr_line' id='line_1_33' title="bbox 202 984 577 1005; baseline 0 -5"><span class='ocrx_word' id='word_1_179' title='bbox 202 985 258 1005; x_wconf 85' lang='lat' dir='ltr'><strong>phum,</strong></span> <span class='ocrx_word' id='word_1_180' title='bbox 265 985 318 1000; x_wconf 75' lang='lat' dir='ltr'><strong>omnis</strong></span> <span class='ocrx_word' id='word_1_181' title='bbox 329 984 380 1000; x_wconf 77' lang='lat' dir='ltr'><strong>virtus</strong></span> <span class='ocrx_word' id='word_1_182' title='bbox 391 987 416 1000; x_wconf 91' lang='lat' dir='ltr'><strong>est</strong></span> <span class='ocrx_word' id='word_1_183' title='bbox 426 985 499 1005; x_wconf 71' lang='lat' dir='ltr'><strong>quiedam</strong></span> <span class='ocrx_word' id='word_1_184' title='bbox 509 985 577 1005; x_wconf 79' lang='lat' dir='ltr'><strong>justitia,</strong></span> 
     </span>
     <span class='ocr_line' id='line_1_34' title="bbox 202 1009 578 1030; baseline 0 -5"><span class='ocrx_word' id='word_1_185' title='bbox 202 1009 225 1025; x_wconf 79' lang='lat' dir='ltr'><strong>sie</strong></span> <span class='ocrx_word' id='word_1_186' title='bbox 237 1013 285 1025; x_wconf 84' lang='lat' dir='ltr'><strong>omne</strong></span> <span class='ocrx_word' id='word_1_187' title='bbox 298 1011 381 1030; x_wconf 79' lang='lat' dir='ltr'><strong>peceatum</strong></span> <span class='ocrx_word' id='word_1_188' title='bbox 394 1011 418 1025; x_wconf 83' lang='lat' dir='ltr'><strong>est</strong></span> <span class='ocrx_word' id='word_1_189' title='bbox 430 1009 502 1030; x_wconf 63' lang='lat' dir='ltr'><strong>quasdam</strong></span> <span class='ocrx_word' id='word_1_190' title='bbox 515 1009 578 1029; x_wconf 83' lang='lat' dir='ltr'><strong>injusti-</strong></span> 
     </span>
     <span class='ocr_line' id='line_1_35' title="bbox 202 1033 577 1055; baseline 0 -6"><span class='ocrx_word' id='word_1_191' title='bbox 202 1034 224 1050; x_wconf 84' lang='lat' dir='ltr'><strong>tia</strong></span> <span class='ocrx_word' id='word_1_192' title='bbox 238 1038 241 1050; x_wconf 92' lang='lat'><strong>:</strong></span> <span class='ocrx_word' id='word_1_193' title='bbox 255 1034 293 1055; x_wconf 77' lang='lat' dir='ltr'><strong>quia</strong></span> <span class='ocrx_word' id='word_1_194' title='bbox 305 1038 334 1055; x_wconf 86' lang='lat' dir='ltr'><strong>per</strong></span> <span class='ocrx_word' id='word_1_195' title='bbox 346 1034 398 1054; x_wconf 86' lang='lat' dir='ltr'><strong>ipsum</strong></span> <span class='ocrx_word' id='word_1_196' title='bbox 413 1033 502 1049; x_wconf 72' lang='lat' dir='ltr'><strong>detrahitur</strong></span> <span class='ocrx_word' id='word_1_197' title='bbox 516 1034 577 1055; x_wconf 83' lang='lat' dir='ltr'><strong>aliquid</strong></span> 
     </span>
     <span class='ocr_line' id='line_1_36' title="bbox 203 1058 598 1079; baseline 0.003 -5"><span class='ocrx_word' id='word_1_198' title='bbox 203 1059 248 1074; x_wconf 82' lang='lat' dir='ltr'><strong>alteri</strong></span> <span class='ocrx_word' id='word_1_199' title='bbox 266 1058 308 1079; x_wconf 83' lang='lat' dir='ltr'><strong>quod</strong></span> <span class='ocrx_word' id='word_1_200' title='bbox 326 1059 340 1074; x_wconf 90' lang='lat' dir='ltr'><strong>ei</strong></span> <span class='ocrx_word' id='word_1_201' title='bbox 357 1059 429 1074; x_wconf 85' lang='lat' dir='ltr'><strong>debetur.</strong></span> <span class='ocrx_word' id='word_1_202' title='bbox 445 1058 509 1079; x_wconf 82' lang='lat' dir='ltr'><strong>Aliquid</strong></span> <span class='ocrx_word' id='word_1_203' title='bbox 523 1061 577 1075; x_wconf 86' lang='lat' dir='ltr'><strong>autem</strong></span> <span class='ocrx_word' id='word_1_204' title='bbox 586 1059 598 1075; x_wconf 88' lang='lat' dir='ltr'>D</span> 
     </span>
     <span class='ocr_line' id='line_1_37' title="bbox 202 1082 578 1102; baseline 0.003 -4"><span class='ocrx_word' id='word_1_205' title='bbox 202 1083 279 1099; x_wconf 82' lang='lat' dir='ltr'><strong>debemus</strong></span> <span class='ocrx_word' id='word_1_206' title='bbox 292 1083 329 1101; x_wconf 87' lang='lat' dir='ltr'><strong>Deo,</strong></span> <span class='ocrx_word' id='word_1_207' title='bbox 341 1082 402 1099; x_wconf 80' lang='lat' dir='ltr'><strong>scilicet</strong></span> <span class='ocrx_word' id='word_1_208' title='bbox 417 1083 528 1102; x_wconf 76' lang='lat' dir='ltr'><strong>reverentiam,</strong></span> <span class='ocrx_word' id='word_1_209' title='bbox 539 1083 578 1099; x_wconf 79' lang='lat' dir='ltr'><strong>dile-</strong></span> 
     </span>
     <span class='ocr_line' id='line_1_38' title="bbox 202 1108 577 1128; baseline 0.003 -5"><span class='ocrx_word' id='word_1_210' title='bbox 202 1108 279 1126; x_wconf 85' lang='lat' dir='ltr'><strong>ctionem,</strong></span> <span class='ocrx_word' id='word_1_211' title='bbox 287 1109 328 1127; x_wconf 42' lang='grc' dir='ltr'><strong>ειυς</strong></span> <span class='ocrx_word' id='word_1_212' title='bbox 337 1109 353 1123; x_wconf 93' lang='lat' dir='ltr'><strong>et</strong></span> <span class='ocrx_word' id='word_1_213' title='bbox 360 1108 398 1123; x_wconf 88' lang='lat' dir='ltr'><strong>dum</strong></span> <span class='ocrx_word' id='word_1_214' title='bbox 406 1108 438 1123; x_wconf 77' lang='lat' dir='ltr'><strong>tale</strong></span> <span class='ocrx_word' id='word_1_215' title='bbox 448 1108 508 1128; x_wconf 82' lang='lat' dir='ltr'><strong>aliquid</strong></span> <span class='ocrx_word' id='word_1_216' title='bbox 520 1108 534 1123; x_wconf 84' lang='lat' dir='ltr'><strong>ei</strong></span> <span class='ocrx_word' id='word_1_217' title='bbox 546 1113 577 1124; x_wconf 86' lang='lat' dir='ltr'><strong>uon</strong></span> 
     </span>
     <span class='ocr_line' id='line_1_39' title="bbox 202 1132 578 1153; baseline 0 -5"><span class='ocrx_word' id='word_1_218' title='bbox 202 1132 303 1151; x_wconf 76' lang='lat' dir='ltr'><strong>exhibemus,</strong></span> <span class='ocrx_word' id='word_1_219' title='bbox 314 1132 373 1148; x_wconf 92' lang='lat' dir='ltr'><strong>dicitur</strong></span> <span class='ocrx_word' id='word_1_220' title='bbox 383 1137 418 1148; x_wconf 85' lang='lat' dir='ltr'><strong>esse</strong></span> <span class='ocrx_word' id='word_1_221' title='bbox 430 1135 513 1153; x_wconf 79' lang='lat' dir='ltr'><strong>peccatum</strong></span> <span class='ocrx_word' id='word_1_222' title='bbox 523 1135 578 1149; x_wconf 81' lang='lat' dir='ltr'><strong>contra</strong></span> 
     </span>
     <span class='ocr_line' id='line_1_40' title="bbox 201 1157 578 1178; baseline 0 -5"><span class='ocrx_word' id='word_1_223' title='bbox 201 1158 258 1173; x_wconf 64' lang='lat' dir='ltr'><strong>Deum,</strong></span> <span class='ocrx_word' id='word_1_224' title='bbox 271 1157 320 1173; x_wconf 82' lang='lat' dir='ltr'><strong>Nobis</strong></span> <span class='ocrx_word' id='word_1_225' title='bbox 331 1161 395 1178; x_wconf 76' lang='lat' dir='ltr'><strong>quoque</strong></span> <span class='ocrx_word' id='word_1_226' title='bbox 406 1157 483 1173; x_wconf 77' lang='lat' dir='ltr'><strong>debemus</strong></span> <span class='ocrx_word' id='word_1_227' title='bbox 495 1160 513 1173; x_wconf 94' lang='lat' dir='ltr'><strong>ut</strong></span> <span class='ocrx_word' id='word_1_228' title='bbox 522 1162 578 1173; x_wconf 82' lang='lat' dir='ltr'><strong>secun—</strong></span> 
     </span>
     <span class='ocr_line' id='line_1_41' title="bbox 201 1182 578 1198; baseline -0.003 0"><span class='ocrx_word' id='word_1_229' title='bbox 201 1182 240 1198; x_wconf 88' lang='lat' dir='ltr'><strong>dum</strong></span> <span class='ocrx_word' id='word_1_230' title='bbox 248 1182 326 1198; x_wconf 74' lang='lat' dir='ltr'><strong>rationem</strong></span> <span class='ocrx_word' id='word_1_231' title='bbox 334 1182 412 1197; x_wconf 69' lang='lat' dir='ltr'><strong>vivamus⁴</strong></span> <span class='ocrx_word' id='word_1_232' title='bbox 422 1182 466 1197; x_wconf 84' lang='lat' dir='ltr'><strong>Unde</strong></span> <span class='ocrx_word' id='word_1_233' title='bbox 475 1182 513 1197; x_wconf 92' lang='lat' dir='ltr'><strong>dum</strong></span> <span class='ocrx_word' id='word_1_234' title='bbox 522 1182 578 1198; x_wconf 81' lang='lat' dir='ltr'><strong>bestia-</strong></span> 
     </span>
     <span class='ocr_line' id='line_1_42' title="bbox 202 1206 578 1227; baseline 0 -5"><span class='ocrx_word' id='word_1_235' title='bbox 202 1207 238 1222; x_wconf 88' lang='lat' dir='ltr'><strong>liter</strong></span> <span class='ocrx_word' id='word_1_236' title='bbox 245 1206 321 1225; x_wconf 70' lang='lat' dir='ltr'><strong>vivimus,</strong></span> <span class='ocrx_word' id='word_1_237' title='bbox 330 1211 416 1227; x_wconf 84' lang='lat' dir='ltr'><strong>peccamus</strong></span> <span class='ocrx_word' id='word_1_238' title='bbox 424 1206 440 1222; x_wconf 93' lang='lat' dir='ltr'><strong>in</strong></span> <span class='ocrx_word' id='word_1_239' title='bbox 448 1210 482 1222; x_wconf 64' lang='lat' dir='ltr'><strong>nos,</strong></span> <span class='ocrx_word' id='word_1_240' title='bbox 491 1207 531 1222; x_wconf 90' lang='lat' dir='ltr'><strong>Dum</strong></span> <span class='ocrx_word' id='word_1_241' title='bbox 540 1211 578 1222; x_wconf 85' lang='lat' dir='ltr'><strong>vero</strong></span> 
     </span>
     <span class='ocr_line' id='line_1_43' title="bbox 201 1231 576 1253; baseline -0.003 -6"><span class='ocrx_word' id='word_1_242' title='bbox 201 1231 275 1253; x_wconf 82' lang='lat' dir='ltr'><strong>proximo</strong></span> <span class='ocrx_word' id='word_1_243' title='bbox 287 1231 397 1247; x_wconf 73' lang='lat' dir='ltr'><strong>subtrahimus</strong></span> <span class='ocrx_word' id='word_1_244' title='bbox 411 1231 453 1252; x_wconf 77' lang='lat' dir='ltr'><strong>quod</strong></span> <span class='ocrx_word' id='word_1_245' title='bbox 466 1231 480 1246; x_wconf 88' lang='lat' dir='ltr'><strong>ei</strong></span> <span class='ocrx_word' id='word_1_246' title='bbox 493 1231 576 1249; x_wconf 86' lang='lat' dir='ltr'><strong>debemus,</strong></span> 
     </span>
     <span class='ocr_line' id='line_1_44' title="bbox 200 1255 576 1277; baseline -0.003 -5"><span class='ocrx_word' id='word_1_247' title='bbox 200 1258 225 1272; x_wconf 83' lang='lat' dir='ltr'><strong>est</strong></span> <span class='ocrx_word' id='word_1_248' title='bbox 235 1258 318 1277; x_wconf 85' lang='lat' dir='ltr'><strong>peccatum</strong></span> <span class='ocrx_word' id='word_1_249' title='bbox 331 1256 347 1271; x_wconf 86' lang='lat' dir='ltr'><strong>iu</strong></span> <span class='ocrx_word' id='word_1_250' title='bbox 358 1255 455 1276; x_wconf 80' lang='lat' dir='ltr'><strong>proximum.</strong></span> <span class='ocrx_word' id='word_1_251' title='bbox 463 1264 483 1266; x_wconf 98' lang='lat'><strong>—</strong></span> <span class='ocrx_word' id='word_1_252' title='bbox 491 1255 576 1271; x_wconf 80' lang='lat' dir='ltr'><strong>Sciendum</strong></span> 
     </span>
     <span class='ocr_line' id='line_1_45' title="bbox 200 1280 576 1301; baseline -0.003 -5"><span class='ocrx_word' id='word_1_253' title='bbox 200 1283 260 1299; x_wconf 75' lang='lat' dir='ltr'><strong>autern,</strong></span> <span class='ocrx_word' id='word_1_254' title='bbox 268 1280 311 1301; x_wconf 82' lang='lat' dir='ltr'><strong>quod</strong></span> <span class='ocrx_word' id='word_1_255' title='bbox 318 1280 397 1300; x_wconf 77' lang='lat' dir='ltr'><strong>injustitia</strong></span> <span class='ocrx_word' id='word_1_256' title='bbox 408 1280 440 1295; x_wconf 88' lang='lat' dir='ltr'><strong>duo</strong></span> <span class='ocrx_word' id='word_1_257' title='bbox 450 1280 497 1295; x_wconf 78' lang='lat' dir='ltr'><strong>hahet</strong></span> <span class='ocrx_word' id='word_1_258' title='bbox 508 1280 576 1300; x_wconf 78' lang='lat' dir='ltr'><strong>objecta,</strong></span> 
     </span>
     <span class='ocr_line' id='line_1_46' title="bbox 200 1305 576 1325; baseline -0.003 -4"><span class='ocrx_word' id='word_1_259' title='bbox 200 1306 274 1322; x_wconf 84' lang='lat' dir='ltr'><strong>seilicet:</strong></span> <span class='ocrx_word' id='word_1_260' title='bbox 284 1305 299 1321; x_wconf 90' lang='lat' dir='ltr'><strong>id</strong></span> <span class='ocrx_word' id='word_1_261' title='bbox 309 1305 352 1325; x_wconf 83' lang='lat' dir='ltr'><strong>quod</strong></span> <span class='ocrx_word' id='word_1_262' title='bbox 363 1305 463 1321; x_wconf 76' lang='lat' dir='ltr'><strong>subtrahitur</strong></span> <span class='ocrx_word' id='word_1_263' title='bbox 473 1305 524 1323; x_wconf 85' lang='lat' dir='ltr'><strong>alteri,</strong></span> <span class='ocrx_word' id='word_1_264' title='bbox 533 1305 576 1325; x_wconf 85' lang='lat' dir='ltr'><strong>quod</strong></span> 
     </span>
     <span class='ocr_line' id='line_1_47' title="bbox 201 1329 575 1350; baseline -0.003 -4"><span class='ocrx_word' id='word_1_265' title='bbox 201 1332 225 1347; x_wconf 88' lang='lat' dir='ltr'><strong>est</strong></span> <span class='ocrx_word' id='word_1_266' title='bbox 240 1330 306 1346; x_wconf 81' lang='lat' dir='ltr'><strong>materia</strong></span> <span class='ocrx_word' id='word_1_267' title='bbox 319 1331 370 1348; x_wconf 74' lang='lat' dir='ltr'><strong>actus,</strong></span> <span class='ocrx_word' id='word_1_268' title='bbox 383 1331 399 1345; x_wconf 81' lang='lat' dir='ltr'><strong>et</strong></span> <span class='ocrx_word' id='word_1_269' title='bbox 413 1330 450 1346; x_wconf 90' lang='lat' dir='ltr'><strong>inde</strong></span> <span class='ocrx_word' id='word_1_270' title='bbox 464 1329 575 1350; x_wconf 78' lang='lat' dir='ltr'><strong>specificatur;</strong></span> 
     </span>
    </p>
   </div>
   <div class='ocr_carea' id='block_1_5' title="bbox 605 173 984 902">
    <p class='ocr_par' dir='ltr' id='par_1_7' title="bbox 605 173 983 563">
     <span class='ocr_line' id='line_1_48' title="bbox 606 173 982 192; baseline 0 -3"><span class='ocrx_word' id='word_1_271' title='bbox 606 175 623 189; x_wconf 89' lang='grc' dir='ltr'><strong>ει</strong></span> <span class='ocrx_word' id='word_1_272' title='bbox 633 173 679 189; x_wconf 84' lang='lat' dir='ltr'><strong>illum</strong></span> <span class='ocrx_word' id='word_1_273' title='bbox 691 174 717 189; x_wconf 93' lang='lat' dir='ltr'><strong>cui</strong></span> <span class='ocrx_word' id='word_1_274' title='bbox 728 174 748 189; x_wconf 88' lang='lat' dir='ltr'><strong>fit</strong></span> <span class='ocrx_word' id='word_1_275' title='bbox 758 174 851 192; x_wconf 67' lang='lat' dir='ltr'><strong>subtractio,</strong></span> <span class='ocrx_word' id='word_1_276' title='bbox 860 173 922 189; x_wconf 81' lang='lat' dir='ltr'><strong>scilicet</strong></span> <span class='ocrx_word' id='word_1_277' title='bbox 931 173 982 189; x_wconf 84' lang='lat' dir='ltr'><strong>Deum</strong></span> 
     </span>
     <span class='ocr_line' id='line_1_49' title="bbox 606 198 982 219; baseline 0 -5"><span class='ocrx_word' id='word_1_278' title='bbox 606 200 634 214; x_wconf 86' lang='lat' dir='ltr'><strong>aut</strong></span> <span class='ocrx_word' id='word_1_279' title='bbox 646 198 728 215; x_wconf 87' lang='lat' dir='ltr'><strong>homiuem</strong></span> <span class='ocrx_word' id='word_1_280' title='bbox 739 203 743 214; x_wconf 90' lang='lat'>:</span> <span class='ocrx_word' id='word_1_281' title='bbox 753 201 770 214; x_wconf 87' lang='lat' dir='ltr'><strong>et</strong></span> <span class='ocrx_word' id='word_1_282' title='bbox 784 203 833 219; x_wconf 78' lang='lat' dir='ltr'><strong>penes</strong></span> <span class='ocrx_word' id='word_1_283' title='bbox 848 198 887 214; x_wconf 93' lang='lat' dir='ltr'><strong>illud</strong></span> <span class='ocrx_word' id='word_1_284' title='bbox 900 198 982 218; x_wconf 80' lang='lat' dir='ltr'><strong>objectum</strong></span> 
     </span>
     <span class='ocr_line' id='line_1_50' title="bbox 606 222 983 244; baseline -0.003 -5"><span class='ocrx_word' id='word_1_285' title='bbox 606 225 670 244; x_wconf 79' lang='lat' dir='ltr'><strong>sumpta</strong></span> <span class='ocrx_word' id='word_1_286' title='bbox 682 225 707 239; x_wconf 81' lang='lat' dir='ltr'><strong>est</strong></span> <span class='ocrx_word' id='word_1_287' title='bbox 719 228 788 244; x_wconf 74' lang='lat' dir='ltr'><strong>praesens</strong></span> <span class='ocrx_word' id='word_1_288' title='bbox 800 223 864 239; x_wconf 80' lang='lat' dir='ltr'><strong>divisio.</strong></span> <span class='ocrx_word' id='word_1_289' title='bbox 877 222 909 239; x_wconf 86' lang='lat' dir='ltr'><strong>Nee</strong></span> <span class='ocrx_word' id='word_1_290' title='bbox 922 224 946 238; x_wconf 83' lang='lat' dir='ltr'><strong>est</strong></span> <span class='ocrx_word' id='word_1_291' title='bbox 959 223 983 238; x_wconf 86' lang='lat' dir='ltr'><strong>in·</strong></span> 
     </span>
     <span class='ocr_line' id='line_1_51' title="bbox 606 247 981 269; baseline 0 -6"><span class='ocrx_word' id='word_1_292' title='bbox 606 248 704 264; x_wconf 81' lang='lat' dir='ltr'><strong>conveniens</strong></span> <span class='ocrx_word' id='word_1_293' title='bbox 718 248 748 263; x_wconf 75' lang='lat' dir='ltr'><strong>ista</strong></span> <span class='ocrx_word' id='word_1_294' title='bbox 760 248 776 264; x_wconf 90' lang='lat' dir='ltr'><strong>iu</strong></span> <span class='ocrx_word' id='word_1_295' title='bbox 791 249 857 269; x_wconf 82' lang='lat' dir='ltr'><strong>peccato</strong></span> <span class='ocrx_word' id='word_1_296' title='bbox 871 247 962 263; x_wconf 78' lang='lat' dir='ltr'><strong>eoincidere</strong></span> <span class='ocrx_word' id='word_1_297' title='bbox 978 252 981 263; x_wconf 96' lang='lat'><strong>:</strong></span> 
     </span>
     <span class='ocr_line' id='line_1_52' title="bbox 606 272 982 293; baseline 0 -5"><span class='ocrx_word' id='word_1_298' title='bbox 606 272 643 293; x_wconf 78' lang='lat' dir='ltr'><strong>quia</strong></span> <span class='ocrx_word' id='word_1_299' title='bbox 653 273 681 293; x_wconf 77' lang='lat' dir='ltr'><strong>qui</strong></span> <span class='ocrx_word' id='word_1_300' title='bbox 693 274 749 293; x_wconf 84' lang='lat' dir='ltr'><strong>peccat</strong></span> <span class='ocrx_word' id='word_1_301' title='bbox 761 273 777 288; x_wconf 87' lang='lat' dir='ltr'><strong>in</strong></span> <span class='ocrx_word' id='word_1_302' title='bbox 790 273 887 293; x_wconf 86' lang='lat' dir='ltr'><strong>proximum,</strong></span> <span class='ocrx_word' id='word_1_303' title='bbox 898 274 954 293; x_wconf 83' lang='lat' dir='ltr'><strong>peccat</strong></span> <span class='ocrx_word' id='word_1_304' title='bbox 966 272 982 288; x_wconf 90' lang='lat' dir='ltr'><strong>iu</strong></span> 
     </span>
     <span class='ocr_line' id='line_1_53' title="bbox 606 297 982 318; baseline 0 -5"><span class='ocrx_word' id='word_1_305' title='bbox 606 301 623 312; x_wconf 84' lang='lat' dir='ltr'><strong>se</strong></span> <span class='ocrx_word' id='word_1_306' title='bbox 634 299 650 313; x_wconf 79' lang='lat' dir='ltr'><strong>et</strong></span> <span class='ocrx_word' id='word_1_307' title='bbox 661 297 677 312; x_wconf 94' lang='lat' dir='ltr'><strong>in</strong></span> <span class='ocrx_word' id='word_1_308' title='bbox 688 297 748 317; x_wconf 80' lang='lat' dir='ltr'><strong>Deum3</strong></span> <span class='ocrx_word' id='word_1_309' title='bbox 763 297 790 313; x_wconf 84' lang='lat' dir='ltr'><strong>sed</strong></span> <span class='ocrx_word' id='word_1_310' title='bbox 801 297 831 313; x_wconf 82' lang='lat' dir='ltr'><strong>hoc</strong></span> <span class='ocrx_word' id='word_1_311' title='bbox 842 299 867 313; x_wconf 72' lang='lat' dir='ltr'><strong>est</strong></span> <span class='ocrx_word' id='word_1_312' title='bbox 877 302 906 318; x_wconf 87' lang='lat' dir='ltr'><strong>per</strong></span> <span class='ocrx_word' id='word_1_313' title='bbox 917 297 982 313; x_wconf 86' lang='lat' dir='ltr'><strong>modum</strong></span> 
     </span>
     <span class='ocr_line' id='line_1_54' title="bbox 606 321 982 342; baseline 0 -5"><span class='ocrx_word' id='word_1_314' title='bbox 606 321 680 342; x_wconf 75' lang='lat' dir='ltr'><strong>sequelae.</strong></span> <span class='ocrx_word' id='word_1_315' title='bbox 695 330 715 333; x_wconf 88' lang='lat'>—</span> <span class='ocrx_word' id='word_1_316' title='bbox 729 322 825 337; x_wconf 87' lang='lat' dir='ltr'><strong>Intuendum</strong></span> <span class='ocrx_word' id='word_1_317' title='bbox 843 323 924 342; x_wconf 70' lang='lat' dir='ltr'><strong>praeterea,</strong></span> <span class='ocrx_word' id='word_1_318' title='bbox 939 321 982 342; x_wconf 84' lang='lat' dir='ltr'><strong>quod</strong></span> 
     </span>
     <span class='ocr_line' id='line_1_55' title="bbox 606 345 983 366; baseline 0 -5"><span class='ocrx_word' id='word_1_319' title='bbox 606 350 656 366; x_wconf 85' lang='lat' dir='ltr'><strong>quum</strong></span> <span class='ocrx_word' id='word_1_320' title='bbox 671 346 719 362; x_wconf 82' lang='lat' dir='ltr'><strong>homo</strong></span> <span class='ocrx_word' id='word_1_321' title='bbox 733 351 750 361; x_wconf 88' lang='lat' dir='ltr'><strong>se</strong></span> <span class='ocrx_word' id='word_1_322' title='bbox 765 346 858 362; x_wconf 74' lang='lat' dir='ltr'><strong>naturaliter</strong></span> <span class='ocrx_word' id='word_1_323' title='bbox 872 346 934 366; x_wconf 74' lang='lat' dir='ltr'><strong>diligat,</strong></span> <span class='ocrx_word' id='word_1_324' title='bbox 947 345 983 361; x_wconf 85' lang='lat' dir='ltr'><strong>ideo</strong></span> 
     </span>
     <span class='ocr_line' id='line_1_56' title="bbox 605 370 982 391; baseline 0 -5"><span class='ocrx_word' id='word_1_325' title='bbox 605 370 658 386; x_wconf 87' lang='lat' dir='ltr'><strong>omnis</strong></span> <span class='ocrx_word' id='word_1_326' title='bbox 666 370 714 386; x_wconf 83' lang='lat' dir='ltr'><strong>homo</strong></span> <span class='ocrx_word' id='word_1_327' title='bbox 724 370 776 391; x_wconf 78' lang='lat' dir='ltr'><strong>diligit</strong></span> <span class='ocrx_word' id='word_1_328' title='bbox 786 375 803 386; x_wconf 76' lang='lat' dir='ltr'><strong>se</strong></span> <span class='ocrx_word' id='word_1_329' title='bbox 813 370 902 386; x_wconf 83' lang='lat' dir='ltr'><strong>secuudum</strong></span> <span class='ocrx_word' id='word_1_330' title='bbox 913 370 928 386; x_wconf 89' lang='lat' dir='ltr'><strong>id</strong></span> <span class='ocrx_word' id='word_1_331' title='bbox 939 370 982 391; x_wconf 76' lang='lat' dir='ltr'><strong>quod</strong></span> 
     </span>
     <span class='ocr_line' id='line_1_57' title="bbox 606 395 982 415; baseline 0 -5"><span class='ocrx_word' id='word_1_332' title='bbox 606 399 623 410; x_wconf 81' lang='lat' dir='ltr'><strong>se</strong></span> <span class='ocrx_word' id='word_1_333' title='bbox 638 395 689 415; x_wconf 76' lang='lat' dir='ltr'><strong>magis</strong></span> <span class='ocrx_word' id='word_1_334' title='bbox 703 400 737 411; x_wconf 88' lang='lat' dir='ltr'><strong>esse</strong></span> <span class='ocrx_word' id='word_1_335' title='bbox 752 395 837 411; x_wconf 83' lang='lat' dir='ltr'><strong>existimat.</strong></span> <span class='ocrx_word' id='word_1_336' title='bbox 854 395 897 411; x_wconf 85' lang='lat' dir='ltr'><strong>Unde</strong></span> <span class='ocrx_word' id='word_1_337' title='bbox 912 395 982 415; x_wconf 74' lang='lat' dir='ltr'><strong>sapiens,</strong></span> 
     </span>
     <span class='ocr_line' id='line_1_58' title="bbox 606 419 983 440; baseline 0 -5"><span class='ocrx_word' id='word_1_338' title='bbox 606 419 644 440; x_wconf 85' lang='lat' dir='ltr'><strong>quia</strong></span> <span class='ocrx_word' id='word_1_339' title='bbox 651 420 682 435; x_wconf 85' lang='lat' dir='ltr'><strong>scit</strong></span> <span class='ocrx_word' id='word_1_340' title='bbox 692 424 709 435; x_wconf 86' lang='lat' dir='ltr'><strong>se</strong></span> <span class='ocrx_word' id='word_1_341' title='bbox 720 420 789 435; x_wconf 90' lang='lat' dir='ltr'><strong>maxime</strong></span> <span class='ocrx_word' id='word_1_342' title='bbox 799 424 834 435; x_wconf 84' lang='lat' dir='ltr'><strong>esse</strong></span> <span class='ocrx_word' id='word_1_343' title='bbox 846 420 861 435; x_wconf 87' lang='lat' dir='ltr'><strong>id</strong></span> <span class='ocrx_word' id='word_1_344' title='bbox 872 420 914 440; x_wconf 83' lang='lat' dir='ltr'><strong>quod</strong></span> <span class='ocrx_word' id='word_1_345' title='bbox 925 421 950 435; x_wconf 80' lang='lat' dir='ltr'><strong>est</strong></span> <span class='ocrx_word' id='word_1_346' title='bbox 959 424 983 435; x_wconf 80' lang='lat' dir='ltr'><strong>se-</strong></span> 
     </span>
     <span class='ocr_line' id='line_1_59' title="bbox 606 444 983 465; baseline 0 -6"><span class='ocrx_word' id='word_1_347' title='bbox 606 444 676 459; x_wconf 84' lang='lat' dir='ltr'><strong>cuudum</strong></span> <span class='ocrx_word' id='word_1_348' title='bbox 689 444 794 462; x_wconf 81' lang='lat' dir='ltr'><strong>intellectum,</strong></span> <span class='ocrx_word' id='word_1_349' title='bbox 805 444 847 460; x_wconf 84' lang='lat' dir='ltr'><strong>bona</strong></span> <span class='ocrx_word' id='word_1_350' title='bbox 857 444 947 465; x_wconf 80' lang='lat' dir='ltr'><strong>spiritualia</strong></span> <span class='ocrx_word' id='word_1_351' title='bbox 957 448 983 459; x_wconf 86' lang='lat' dir='ltr'><strong>ve·</strong></span> 
     </span>
     <span class='ocr_line' id='line_1_60' title="bbox 606 468 983 487; baseline 0 -3"><span class='ocrx_word' id='word_1_352' title='bbox 606 468 698 484; x_wconf 83' lang='lat' dir='ltr'><strong>hementius</strong></span> <span class='ocrx_word' id='word_1_353' title='bbox 714 468 745 484; x_wconf 82' lang='lat' dir='ltr'><strong>sibi</strong></span> <span class='ocrx_word' id='word_1_354' title='bbox 762 469 846 484; x_wconf 71' lang='lat' dir='ltr'><strong>desiderat.</strong></span> <span class='ocrx_word' id='word_1_355' title='bbox 863 468 929 487; x_wconf 83' lang='lat' dir='ltr'><strong>Quidam</strong></span> <span class='ocrx_word' id='word_1_356' title='bbox 944 472 983 484; x_wconf 86' lang='lat' dir='ltr'><strong>vero</strong></span> 
     </span>
     <span class='ocr_line' id='line_1_61' title="bbox 605 492 982 513; baseline 0 -5"><span class='ocrx_word' id='word_1_357' title='bbox 605 493 685 509; x_wconf 76' lang='lat' dir='ltr'><strong>aestimant</strong></span> <span class='ocrx_word' id='word_1_358' title='bbox 696 498 713 508; x_wconf 76' lang='lat' dir='ltr'><strong>se</strong></span> <span class='ocrx_word' id='word_1_359' title='bbox 724 498 759 509; x_wconf 83' lang='lat' dir='ltr'><strong>esse</strong></span> <span class='ocrx_word' id='word_1_360' title='bbox 770 493 812 513; x_wconf 83' lang='lat' dir='ltr'><strong>quod</strong></span> <span class='ocrx_word' id='word_1_361' title='bbox 824 497 856 509; x_wconf 88' lang='lat' dir='ltr'><strong>nou</strong></span> <span class='ocrx_word' id='word_1_362' title='bbox 867 495 910 511; x_wconf 78' lang='lat' dir='ltr'><strong>sunt,</strong></span> <span class='ocrx_word' id='word_1_363' title='bbox 918 495 934 508; x_wconf 84' lang='lat' dir='ltr'><strong>et</strong></span> <span class='ocrx_word' id='word_1_364' title='bbox 942 492 982 508; x_wconf 80' lang='lat' dir='ltr'><strong>falso</strong></span> 
     </span>
     <span class='ocr_line' id='line_1_62' title="bbox 605 517 982 538; baseline 0 -5"><span class='ocrx_word' id='word_1_365' title='bbox 605 522 622 533; x_wconf 77' lang='lat' dir='ltr'><strong>se</strong></span> <span class='ocrx_word' id='word_1_366' title='bbox 630 517 704 538; x_wconf 48' lang='lat' dir='ltr'><strong>diligunt&gt;</strong></span> <span class='ocrx_word' id='word_1_367' title='bbox 713 518 751 533; x_wconf 82' lang='lat' dir='ltr'><strong>Nam</strong></span> <span class='ocrx_word' id='word_1_368' title='bbox 763 517 852 533; x_wconf 87' lang='lat' dir='ltr'><strong>secundum</strong></span> <span class='ocrx_word' id='word_1_369' title='bbox 863 519 936 533; x_wconf 87' lang='lat' dir='ltr'><strong>naturam</strong></span> <span class='ocrx_word' id='word_1_370' title='bbox 947 522 982 533; x_wconf 82' lang='lat' dir='ltr'><strong>seu·</strong></span> 
     </span>
     <span class='ocr_line' id='line_1_63' title="bbox 605 542 931 563; baseline 0 -5"><span class='ocrx_word' id='word_1_371' title='bbox 605 542 666 558; x_wconf 84' lang='lat' dir='ltr'><strong>sualem</strong></span> <span class='ocrx_word' id='word_1_372' title='bbox 678 547 695 558; x_wconf 86' lang='lat' dir='ltr'><strong>se</strong></span> <span class='ocrx_word' id='word_1_373' title='bbox 707 543 757 563; x_wconf 78' lang='lat' dir='ltr'><strong>magis</strong></span> <span class='ocrx_word' id='word_1_374' title='bbox 768 544 836 563; x_wconf 75' lang='lat' dir='ltr'><strong>pensant</strong></span> <span class='ocrx_word' id='word_1_375' title='bbox 846 544 862 558; x_wconf 91' lang='lat' dir='ltr'><strong>et</strong></span> <span class='ocrx_word' id='word_1_376' title='bbox 872 544 931 558; x_wconf 84' lang='lat' dir='ltr'><strong>amant.</strong></span> 
     </span>
    </p>

    <p class='ocr_par' dir='ltr' id='par_1_8' title="bbox 605 566 984 902">
     <span class='ocr_line' id='line_1_64' title="bbox 625 566 982 588; baseline 0 -6"><span class='ocrx_word' id='word_1_377' title='bbox 625 566 677 582; x_wconf 80' lang='lat' dir='ltr'><strong>Tertio</strong></span> <span class='ocrx_word' id='word_1_378' title='bbox 688 567 765 583; x_wconf 81' lang='lat' dir='ltr'><strong>dividitur</strong></span> <span class='ocrx_word' id='word_1_379' title='bbox 775 569 859 588; x_wconf 85' lang='lat' dir='ltr'><strong>peccatum</strong></span> <span class='ocrx_word' id='word_1_380' title='bbox 871 567 887 582; x_wconf 88' lang='lat' dir='ltr'><strong>iu</strong></span> <span class='ocrx_word' id='word_1_381' title='bbox 898 569 982 587; x_wconf 75' lang='lat' dir='ltr'><strong>peccatum</strong></span> 
     </span>
     <span class='ocr_line' id='line_1_65' title="bbox 605 591 983 607; baseline 0 0"><span class='ocrx_word' id='word_1_382' title='bbox 605 593 621 607; x_wconf 79' lang='lat' dir='ltr'><strong>ct</strong></span> <span class='ocrx_word' id='word_1_383' title='bbox 635 591 717 607; x_wconf 36' lang='lat' dir='ltr'><strong>delictum*</strong></span> <span class='ocrx_word' id='word_1_384' title='bbox 732 591 751 607; x_wconf 72' lang='lat' dir='ltr'><strong>Et</strong></span> <span class='ocrx_word' id='word_1_385' title='bbox 763 591 833 607; x_wconf 86' lang='lat' dir='ltr'><strong>sumitur</strong></span> <span class='ocrx_word' id='word_1_386' title='bbox 847 591 877 607; x_wconf 86' lang='lat' dir='ltr'><strong>ista</strong></span> <span class='ocrx_word' id='word_1_387' title='bbox 890 591 949 607; x_wconf 89' lang='lat' dir='ltr'><strong>divisio</strong></span> <span class='ocrx_word' id='word_1_388' title='bbox 963 596 983 607; x_wconf 87' lang='lat' dir='ltr'><strong>ex</strong></span> 
     </span>
     <span class='ocr_line' id='line_1_66' title="bbox 605 616 982 637; baseline 0.003 -6"><span class='ocrx_word' id='word_1_389' title='bbox 605 618 649 636; x_wconf 87' lang='lat' dir='ltr'><strong>parte</strong></span> <span class='ocrx_word' id='word_1_390' title='bbox 658 616 697 636; x_wconf 78' lang='lat' dir='ltr'><strong>legis</strong></span> <span class='ocrx_word' id='word_1_391' title='bbox 705 616 763 632; x_wconf 67' lang='lat' dir='ltr'><strong>divinas</strong></span> <span class='ocrx_word' id='word_1_392' title='bbox 774 616 862 637; x_wconf 74' lang='lat' dir='ltr'><strong>regulantis</strong></span> <span class='ocrx_word' id='word_1_393' title='bbox 871 619 916 632; x_wconf 80' lang='lat' dir='ltr'><strong>actus</strong></span> <span class='ocrx_word' id='word_1_394' title='bbox 926 616 982 632; x_wconf 74' lang='lat' dir='ltr'><strong>huma-</strong></span> 
     </span>
     <span class='ocr_line' id='line_1_67' title="bbox 605 641 982 662; baseline 0 -6"><span class='ocrx_word' id='word_1_395' title='bbox 605 645 633 656; x_wconf 87' lang='lat' dir='ltr'><strong>nos</strong></span> <span class='ocrx_word' id='word_1_396' title='bbox 640 645 644 660; x_wconf 81' lang='lat'>3</span> <span class='ocrx_word' id='word_1_397' title='bbox 652 642 668 656; x_wconf 92' lang='lat' dir='ltr'><strong>et</strong></span> <span class='ocrx_word' id='word_1_398' title='bbox 676 641 705 656; x_wconf 84' lang='lat' dir='ltr'><strong>hoc</strong></span> <span class='ocrx_word' id='word_1_399' title='bbox 713 641 799 661; x_wconf 85' lang='lat' dir='ltr'><strong>dupliciter</strong></span> <span class='ocrx_word' id='word_1_400' title='bbox 805 645 808 656; x_wconf 95' lang='lat'>:</span> <span class='ocrx_word' id='word_1_401' title='bbox 814 641 853 662; x_wconf 82' lang='lat' dir='ltr'><strong>quia</strong></span> <span class='ocrx_word' id='word_1_402' title='bbox 861 641 885 656; x_wconf 88' lang='lat' dir='ltr'><strong>vel</strong></span> <span class='ocrx_word' id='word_1_403' title='bbox 893 641 982 656; x_wconf 84' lang='lat' dir='ltr'><strong>secuudum</strong></span> 
     </span>
     <span class='ocr_line' id='line_1_68' title="bbox 605 665 982 686; baseline 0 -5"><span class='ocrx_word' id='word_1_404' title='bbox 605 665 724 681; x_wconf 80' lang='lat' dir='ltr'><strong>distinctionem</strong></span> <span class='ocrx_word' id='word_1_405' title='bbox 738 667 854 686; x_wconf 76' lang='lat' dir='ltr'><strong>prmceptorum</strong></span> <span class='ocrx_word' id='word_1_406' title='bbox 867 665 883 681; x_wconf 82' lang='lat' dir='ltr'><strong>in</strong></span> <span class='ocrx_word' id='word_1_407' title='bbox 895 670 918 684; x_wconf 81' lang='lat' dir='ltr'><strong>se,</strong></span> <span class='ocrx_word' id='word_1_408' title='bbox 931 667 946 681; x_wconf 78' lang='lat' dir='ltr'><strong>et</strong></span> <span class='ocrx_word' id='word_1_409' title='bbox 959 666 982 681; x_wconf 78' lang='lat' dir='ltr'><strong>sic</strong></span> 
     </span>
     <span class='ocr_line' id='line_1_69' title="bbox 606 690 982 711; baseline 0 -6"><span class='ocrx_word' id='word_1_410' title='bbox 606 691 689 710; x_wconf 84' lang='lat' dir='ltr'><strong>peccatum</strong></span> <span class='ocrx_word' id='word_1_411' title='bbox 698 690 763 710; x_wconf 82' lang='lat' dir='ltr'><strong>respicit</strong></span> <span class='ocrx_word' id='word_1_412' title='bbox 771 692 851 711; x_wconf 72' lang='lat' dir='ltr'><strong>praecepta</strong></span> <span class='ocrx_word' id='word_1_413' title='bbox 858 690 936 710; x_wconf 75' lang='lat' dir='ltr'><strong>negativa,</strong></span> <span class='ocrx_word' id='word_1_414' title='bbox 943 690 982 706; x_wconf 88' lang='lat' dir='ltr'><strong>deli-</strong></span> 
     </span>
     <span class='ocr_line' id='line_1_70' title="bbox 605 714 983 736; baseline 0 -6"><span class='ocrx_word' id='word_1_415' title='bbox 605 716 649 730; x_wconf 81' lang='lat' dir='ltr'><strong>ctum</strong></span> <span class='ocrx_word' id='word_1_416' title='bbox 656 714 762 734; x_wconf 42' lang='lat' dir='ltr'><strong>affirmativa</strong></span> <span class='ocrx_word' id='word_1_417' title='bbox 768 715 793 730; x_wconf 84' lang='lat' dir='ltr'><strong>vel</strong></span> <span class='ocrx_word' id='word_1_418' title='bbox 801 715 889 730; x_wconf 85' lang='lat' dir='ltr'><strong>secuudum</strong></span> <span class='ocrx_word' id='word_1_419' title='bbox 897 715 939 735; x_wconf 78' lang='lat' dir='ltr'><strong>quod</strong></span> <span class='ocrx_word' id='word_1_420' title='bbox 946 719 983 736; x_wconf 82' lang='lat' dir='ltr'><strong>pec-</strong></span> 
     </span>
     <span class='ocr_line' id='line_1_71' title="bbox 605 739 981 760; baseline 0.003 -6"><span class='ocrx_word' id='word_1_421' title='bbox 605 741 649 754; x_wconf 84' lang='lat' dir='ltr'><strong>cator</strong></span> <span class='ocrx_word' id='word_1_422' title='bbox 663 739 771 755; x_wconf 80' lang='lat' dir='ltr'><strong>diversimode</strong></span> <span class='ocrx_word' id='word_1_423' title='bbox 786 739 842 755; x_wconf 81' lang='lat' dir='ltr'><strong>deficit</strong></span> <span class='ocrx_word' id='word_1_424' title='bbox 856 744 865 755; x_wconf 88' lang='lat' dir='ltr'><strong>a</strong></span> <span class='ocrx_word' id='word_1_425' title='bbox 879 739 964 760; x_wconf 64' lang='lat' dir='ltr'><strong>prm-aptis</strong></span> <span class='ocrx_word' id='word_1_426' title='bbox 977 744 981 755; x_wconf 92' lang='lat'>:</span> 
     </span>
     <span class='ocr_line' id='line_1_72' title="bbox 606 764 983 785; baseline 0 -6"><span class='ocrx_word' id='word_1_427' title='bbox 606 764 643 784; x_wconf 83' lang='lat' dir='ltr'><strong>quia</strong></span> <span class='ocrx_word' id='word_1_428' title='bbox 657 765 685 779; x_wconf 77' lang='lat' dir='ltr'><strong>aut</strong></span> <span class='ocrx_word' id='word_1_429' title='bbox 697 764 752 779; x_wconf 79' lang='lat' dir='ltr'><strong>deficit</strong></span> <span class='ocrx_word' id='word_1_430' title='bbox 764 764 852 779; x_wconf 86' lang='lat' dir='ltr'><strong>secundum</strong></span> <span class='ocrx_word' id='word_1_431' title='bbox 866 764 942 779; x_wconf 89' lang='lat' dir='ltr'><strong>rationem</strong></span> <span class='ocrx_word' id='word_1_432' title='bbox 954 769 983 785; x_wconf 81' lang='lat' dir='ltr'><strong>per</strong></span> 
     </span>
     <span class='ocr_line' id='line_1_73' title="bbox 606 788 984 808; baseline 0 -4"><span class='ocrx_word' id='word_1_433' title='bbox 606 788 717 808; x_wconf 79' lang='lat' dir='ltr'><strong>ignorantiam,</strong></span> <span class='ocrx_word' id='word_1_434' title='bbox 730 790 746 804; x_wconf 91' lang='lat' dir='ltr'><strong>et</strong></span> <span class='ocrx_word' id='word_1_435' title='bbox 761 790 798 804; x_wconf 80' lang='lat' dir='ltr'><strong>tunc</strong></span> <span class='ocrx_word' id='word_1_436' title='bbox 813 791 838 804; x_wconf 86' lang='lat' dir='ltr'><strong>est</strong></span> <span class='ocrx_word' id='word_1_437' title='bbox 852 789 940 808; x_wconf 72' lang='lat' dir='ltr'><strong>delictum3</strong></span> <span class='ocrx_word' id='word_1_438' title='bbox 955 791 984 804; x_wconf 87' lang='lat' dir='ltr'><strong>aut</strong></span> 
     </span>
     <span class='ocr_line' id='line_1_74' title="bbox 605 813 984 834; baseline 0.003 -6"><span class='ocrx_word' id='word_1_439' title='bbox 605 813 660 828; x_wconf 78' lang='lat' dir='ltr'><strong>deficit</strong></span> <span class='ocrx_word' id='word_1_440' title='bbox 668 813 756 829; x_wconf 81' lang='lat' dir='ltr'><strong>seeundum</strong></span> <span class='ocrx_word' id='word_1_441' title='bbox 765 813 863 829; x_wconf 76' lang='lat' dir='ltr'><strong>voluntatem</strong></span> <span class='ocrx_word' id='word_1_442' title='bbox 873 818 902 834; x_wconf 84' lang='lat' dir='ltr'><strong>per</strong></span> <span class='ocrx_word' id='word_1_443' title='bbox 912 815 984 829; x_wconf 83' lang='lat' dir='ltr'><strong>contem-</strong></span> 
     </span>
     <span class='ocr_line' id='line_1_75' title="bbox 606 837 983 859; baseline 0 -6"><span class='ocrx_word' id='word_1_444' title='bbox 606 839 657 858; x_wconf 82' lang='lat' dir='ltr'><strong>ptum,</strong></span> <span class='ocrx_word' id='word_1_445' title='bbox 665 840 681 853; x_wconf 81' lang='lat' dir='ltr'><strong>ct</strong></span> <span class='ocrx_word' id='word_1_446' title='bbox 692 837 715 853; x_wconf 79' lang='lat' dir='ltr'><strong>sic</strong></span> <span class='ocrx_word' id='word_1_447' title='bbox 727 840 751 853; x_wconf 83' lang='lat' dir='ltr'><strong>est</strong></span> <span class='ocrx_word' id='word_1_448' title='bbox 761 840 850 858; x_wconf 69' lang='lat' dir='ltr'><strong>peccatum⁴</strong></span> <span class='ocrx_word' id='word_1_449' title='bbox 862 838 916 858; x_wconf 79' lang='lat' dir='ltr'><strong>ltaque</strong></span> <span class='ocrx_word' id='word_1_450' title='bbox 927 843 983 859; x_wconf 79' lang='lat' dir='ltr'><strong>peeca-</strong></span> 
     </span>
     <span class='ocr_line' id='line_1_76' title="bbox 605 862 982 883; baseline 0 -5"><span class='ocrx_word' id='word_1_451' title='bbox 605 864 639 878; x_wconf 89' lang='lat' dir='ltr'><strong>tum</strong></span> <span class='ocrx_word' id='word_1_452' title='bbox 648 862 721 878; x_wconf 80' lang='lat' dir='ltr'><strong>consistit</strong></span> <span class='ocrx_word' id='word_1_453' title='bbox 731 862 747 878; x_wconf 89' lang='lat' dir='ltr'><strong>iu</strong></span> <span class='ocrx_word' id='word_1_454' title='bbox 757 864 793 878; x_wconf 77' lang='lat' dir='ltr'><strong>actu</strong></span> <span class='ocrx_word' id='word_1_455' title='bbox 805 862 896 883; x_wconf 82' lang='lat' dir='ltr'><strong>prohibito;</strong></span> <span class='ocrx_word' id='word_1_456' title='bbox 904 862 982 878; x_wconf 86' lang='lat' dir='ltr'><strong>delictum</strong></span> 
     </span>
     <span class='ocr_line' id='line_1_77' title="bbox 605 887 809 902; baseline 0 0"><span class='ocrx_word' id='word_1_457' title='bbox 605 891 643 902; x_wconf 85' lang='lat' dir='ltr'><strong>vero</strong></span> <span class='ocrx_word' id='word_1_458' title='bbox 654 887 670 902; x_wconf 88' lang='lat' dir='ltr'><strong>in</strong></span> <span class='ocrx_word' id='word_1_459' title='bbox 682 887 769 902; x_wconf 85' lang='lat' dir='ltr'><strong>omissione</strong></span> <span class='ocrx_word' id='word_1_460' title='bbox 780 889 809 902; x_wconf 86' lang='lat' dir='ltr'><strong>est.</strong></span> 
     </span>
    </p>
   </div>
   <div class='ocr_carea' id='block_1_6' title="bbox 672 952 915 1004">
    <p class='ocr_par' dir='ltr' id='par_1_9' title="bbox 672 952 915 1004">
     <span class='ocr_line' id='line_1_78' title="bbox 672 952 915 969; baseline 0.004 -1"><span class='ocrx_word' id='word_1_461' title='bbox 672 952 794 969; x_wconf 80' lang='lat' dir='ltr'>ARTICULUS</span> <span class='ocrx_word' id='word_1_462' title='bbox 806 952 915 969; x_wconf 80' lang='lat' dir='ltr'>CXXXVIII.</span> 
     </span>
     <span class='ocr_line' id='line_1_79' title="bbox 694 985 890 1004; baseline 0 -4"><span class='ocrx_word' id='word_1_463' title='bbox 694 986 718 1000; x_wconf 74' lang='lat' dir='ltr'><strong>De</strong></span> <span class='ocrx_word' id='word_1_464' title='bbox 729 985 828 1004; x_wconf 71' lang='lat' dir='ltr'><strong>capitalibus</strong></span> <span class='ocrx_word' id='word_1_465' title='bbox 840 986 890 1001; x_wconf 69' lang='lat' dir='ltr'><strong>vitiis.</strong></span> 
     </span>
    </p>
   </div>
   <div class='ocr_carea' id='block_1_7' title="bbox 624 1034 1046 1056">
    <p class='ocr_par' dir='ltr' id='par_1_10' title="bbox 624 1034 1046 1056">
     <span class='ocr_line' id='line_1_80' title="bbox 624 1034 1046 1056; baseline 0.007 -6"><span class='ocrx_word' id='word_1_466' title='bbox 624 1034 637 1050; x_wconf 90' lang='lat' dir='ltr'>N</span> <span class='ocrx_word' id='word_1_467' title='bbox 648 1034 739 1055; x_wconf 77' lang='lat' dir='ltr'><strong>praeliahitis</strong></span> <span class='ocrx_word' id='word_1_468' title='bbox 751 1034 877 1050; x_wconf 85' lang='lat' dir='ltr'><strong>demonstratum</strong></span> <span class='ocrx_word' id='word_1_469' title='bbox 890 1037 914 1051; x_wconf 65' lang='lat' dir='ltr'><strong>ast</strong></span> <span class='ocrx_word' id='word_1_470' title='bbox 926 1039 1010 1056; x_wconf 74' lang='lat' dir='ltr'><strong>quem-m.</strong></span> <span class='ocrx_word' id='word_1_471' title='bbox 1018 1045 1046 1053; x_wconf 31' lang='lat' dir='ltr'><strong>m*</strong></span> 
     </span>
    </p>
   </div>
   <div class='ocr_carea' id='block_1_8' title="bbox 603 1060 982 1351">
    <p class='ocr_par' dir='ltr' id='par_1_11' title="bbox 603 1060 982 1351">
     <span class='ocr_line' id='line_1_81' title="bbox 631 1060 982 1081; baseline 0 -6"><span class='ocrx_word' id='word_1_472' title='bbox 631 1060 717 1075; x_wconf 88' lang='lat' dir='ltr'><strong>admodum</strong></span> <span class='ocrx_word' id='word_1_473' title='bbox 725 1064 775 1075; x_wconf 86' lang='lat' dir='ltr'><strong>unum</strong></span> <span class='ocrx_word' id='word_1_474' title='bbox 784 1062 867 1080; x_wconf 88' lang='lat' dir='ltr'><strong>peccatum</strong></span> <span class='ocrx_word' id='word_1_475' title='bbox 875 1064 894 1075; x_wconf 95' lang='lat' dir='ltr'><strong>ex</strong></span> <span class='ocrx_word' id='word_1_476' title='bbox 902 1060 934 1076; x_wconf 84' lang='lat' dir='ltr'><strong>alio</strong></span> <span class='ocrx_word' id='word_1_477' title='bbox 943 1065 982 1081; x_wconf 75' lang='lat' dir='ltr'><strong>qua-</strong></span> 
     </span>
     <span class='ocr_line' id='line_1_82' title="bbox 605 1084 982 1105; baseline 0 -5"><span class='ocrx_word' id='word_1_478' title='bbox 605 1086 641 1100; x_wconf 87' lang='lat' dir='ltr'><strong>tuor</strong></span> <span class='ocrx_word' id='word_1_479' title='bbox 649 1084 700 1100; x_wconf 79' lang='lat' dir='ltr'><strong>modis</strong></span> <span class='ocrx_word' id='word_1_480' title='bbox 708 1086 786 1100; x_wconf 36' lang='lat' dir='ltr'><strong>nascatur*</strong></span> <span class='ocrx_word' id='word_1_481' title='bbox 794 1084 865 1103; x_wconf 82' lang='lat' dir='ltr'><strong>Quorum</strong></span> <span class='ocrx_word' id='word_1_482' title='bbox 873 1084 939 1100; x_wconf 88' lang='lat' dir='ltr'><strong>ultimus</strong></span> <span class='ocrx_word' id='word_1_483' title='bbox 946 1089 982 1105; x_wconf 85' lang='lat' dir='ltr'><strong>pro-</strong></span> 
     </span>
     <span class='ocr_line' id='line_1_83' title="bbox 605 1109 982 1130; baseline 0.003 -6"><span class='ocrx_word' id='word_1_484' title='bbox 605 1109 696 1130; x_wconf 82' lang='lat' dir='ltr'><strong>priissimus</strong></span> <span class='ocrx_word' id='word_1_485' title='bbox 708 1111 738 1127; x_wconf 86' lang='lat' dir='ltr'><strong>est,</strong></span> <span class='ocrx_word' id='word_1_486' title='bbox 748 1109 812 1129; x_wconf 86' lang='lat' dir='ltr'><strong>quando</strong></span> <span class='ocrx_word' id='word_1_487' title='bbox 824 1111 907 1129; x_wconf 84' lang='lat' dir='ltr'><strong>peccatum</strong></span> <span class='ocrx_word' id='word_1_488' title='bbox 919 1109 982 1125; x_wconf 83' lang='lat' dir='ltr'><strong>ordina-</strong></span> 
     </span>
     <span class='ocr_line' id='line_1_84' title="bbox 605 1133 982 1154; baseline 0 -5"><span class='ocrx_word' id='word_1_489' title='bbox 605 1135 639 1149; x_wconf 90' lang='lat' dir='ltr'><strong>tum</strong></span> <span class='ocrx_word' id='word_1_490' title='bbox 654 1134 674 1149; x_wconf 91' lang='lat' dir='ltr'><strong>ad</strong></span> <span class='ocrx_word' id='word_1_491' title='bbox 689 1133 738 1149; x_wconf 79' lang='lat' dir='ltr'><strong>finem</strong></span> <span class='ocrx_word' id='word_1_492' title='bbox 753 1133 819 1149; x_wconf 86' lang='lat' dir='ltr'><strong>alterius</strong></span> <span class='ocrx_word' id='word_1_493' title='bbox 836 1134 902 1154; x_wconf 82' lang='lat' dir='ltr'><strong>peccati,</strong></span> <span class='ocrx_word' id='word_1_494' title='bbox 917 1138 937 1149; x_wconf 84' lang='lat' dir='ltr'><strong>ex</strong></span> <span class='ocrx_word' id='word_1_495' title='bbox 954 1133 982 1149; x_wconf 88' lang='lat' dir='ltr'><strong>illo</strong></span> 
     </span>
     <span class='ocr_line' id='line_1_85' title="bbox 605 1158 982 1179; baseline 0.003 -6"><span class='ocrx_word' id='word_1_496' title='bbox 605 1160 679 1174; x_wconf 74' lang='lat' dir='ltr'><strong>causatur</strong></span> <span class='ocrx_word' id='word_1_497' title='bbox 693 1158 713 1173; x_wconf 80' lang='lat' dir='ltr'><strong>ad</strong></span> <span class='ocrx_word' id='word_1_498' title='bbox 728 1158 775 1178; x_wconf 82' lang='lat' dir='ltr'><strong>cujus</strong></span> <span class='ocrx_word' id='word_1_499' title='bbox 790 1158 840 1173; x_wconf 87' lang='lat' dir='ltr'><strong>finem</strong></span> <span class='ocrx_word' id='word_1_500' title='bbox 856 1158 909 1179; x_wconf 84' lang='lat' dir='ltr'><strong>ipsum</strong></span> <span class='ocrx_word' id='word_1_501' title='bbox 924 1163 952 1179; x_wconf 82' lang='lat' dir='ltr'><strong>per</strong></span> <span class='ocrx_word' id='word_1_502' title='bbox 964 1163 982 1174; x_wconf 85' lang='lat' dir='ltr'><strong>se</strong></span> 
     </span>
     <span class='ocr_line' id='line_1_86' title="bbox 605 1182 982 1203; baseline 0 -5"><span class='ocrx_word' id='word_1_503' title='bbox 605 1182 694 1198; x_wconf 86' lang='lat' dir='ltr'><strong>ordinabile</strong></span> <span class='ocrx_word' id='word_1_504' title='bbox 705 1184 729 1198; x_wconf 85' lang='lat' dir='ltr'><strong>est</strong></span> <span class='ocrx_word' id='word_1_505' title='bbox 739 1184 787 1203; x_wconf 78' lang='lat' dir='ltr'><strong>atque</strong></span> <span class='ocrx_word' id='word_1_506' title='bbox 797 1183 919 1198; x_wconf 68' lang='lat' dir='ltr'><strong>nccommodum</strong></span> <span class='ocrx_word' id='word_1_507' title='bbox 927 1187 931 1198; x_wconf 82' lang='lat' dir='ltr'><strong><em>z</em></strong></span> <span class='ocrx_word' id='word_1_508' title='bbox 939 1183 982 1199; x_wconf 81' lang='lat' dir='ltr'><strong>sicut</strong></span> 
     </span>
     <span class='ocr_line' id='line_1_87' title="bbox 604 1207 981 1227; baseline 0.003 -5"><span class='ocrx_word' id='word_1_509' title='bbox 604 1212 655 1227; x_wconf 79' lang='lat' dir='ltr'><strong>quum</strong></span> <span class='ocrx_word' id='word_1_510' title='bbox 666 1207 702 1227; x_wconf 78' lang='lat' dir='ltr'><strong>quis</strong></span> <span class='ocrx_word' id='word_1_511' title='bbox 712 1207 774 1222; x_wconf 81' lang='lat' dir='ltr'><strong>furatur</strong></span> <span class='ocrx_word' id='word_1_512' title='bbox 786 1209 804 1222; x_wconf 85' lang='lat' dir='ltr'><strong>ut</strong></span> <span class='ocrx_word' id='word_1_513' title='bbox 815 1207 880 1226; x_wconf 73' lang='lat' dir='ltr'><strong>ditetur,</strong></span> <span class='ocrx_word' id='word_1_514' title='bbox 891 1207 951 1223; x_wconf 84' lang='lat' dir='ltr'><strong>furtum</strong></span> <span class='ocrx_word' id='word_1_515' title='bbox 961 1212 981 1223; x_wconf 89' lang='lat' dir='ltr'><strong>ex</strong></span> 
     </span>
     <span class='ocr_line' id='line_1_88' title="bbox 604 1231 982 1253; baseline 0.003 -6"><span class='ocrx_word' id='word_1_516' title='bbox 604 1232 670 1247; x_wconf 84' lang='lat' dir='ltr'><strong>avaritia</strong></span> <span class='ocrx_word' id='word_1_517' title='bbox 680 1231 735 1247; x_wconf 85' lang='lat' dir='ltr'><strong>oritur.</strong></span> <span class='ocrx_word' id='word_1_518' title='bbox 744 1232 773 1247; x_wconf 88' lang='lat' dir='ltr'><strong>llla</strong></span> <span class='ocrx_word' id='word_1_519' title='bbox 782 1236 820 1252; x_wconf 73' lang='lat' dir='ltr'><strong>ergo</strong></span> <span class='ocrx_word' id='word_1_520' title='bbox 830 1234 896 1252; x_wconf 79' lang='lat' dir='ltr'><strong>peccata</strong></span> <span class='ocrx_word' id='word_1_521' title='bbox 906 1232 982 1253; x_wconf 78' lang='lat' dir='ltr'><strong>capitalia</strong></span> 
     </span>
     <span class='ocr_line' id='line_1_89' title="bbox 604 1256 982 1276; baseline 0.005 -5"><span class='ocrx_word' id='word_1_522' title='bbox 604 1258 642 1272; x_wconf 83' lang='lat' dir='ltr'><strong>sunt</strong></span> <span class='ocrx_word' id='word_1_523' title='bbox 649 1261 668 1272; x_wconf 88' lang='lat' dir='ltr'><strong>ex</strong></span> <span class='ocrx_word' id='word_1_524' title='bbox 676 1256 735 1276; x_wconf 84' lang='lat' dir='ltr'><strong>quibus</strong></span> <span class='ocrx_word' id='word_1_525' title='bbox 743 1256 773 1272; x_wconf 81' lang='lat' dir='ltr'><strong>hoc</strong></span> <span class='ocrx_word' id='word_1_526' title='bbox 781 1256 828 1272; x_wconf 87' lang='lat' dir='ltr'><strong>modo</strong></span> <span class='ocrx_word' id='word_1_527' title='bbox 836 1256 867 1272; x_wconf 80' lang='lat' dir='ltr'><strong>alia</strong></span> <span class='ocrx_word' id='word_1_528' title='bbox 874 1257 957 1276; x_wconf 84' lang='lat' dir='ltr'><strong>oriuntur;</strong></span> <span class='ocrx_word' id='word_1_529' title='bbox 965 1259 982 1273; x_wconf 84' lang='lat' dir='ltr'><strong>et</strong></span> 
     </span>
     <span class='ocr_line' id='line_1_90' title="bbox 604 1281 982 1301; baseline 0.003 -5"><span class='ocrx_word' id='word_1_530' title='bbox 604 1285 633 1301; x_wconf 91' lang='lat' dir='ltr'><strong>per</strong></span> <span class='ocrx_word' id='word_1_531' title='bbox 642 1281 672 1296; x_wconf 82' lang='lat' dir='ltr'><strong>hoc</strong></span> <span class='ocrx_word' id='word_1_532' title='bbox 680 1281 735 1296; x_wconf 78' lang='lat' dir='ltr'><strong>differt</strong></span> <span class='ocrx_word' id='word_1_533' title='bbox 743 1283 825 1301; x_wconf 77' lang='lat' dir='ltr'><strong>peccatum</strong></span> <span class='ocrx_word' id='word_1_534' title='bbox 834 1281 902 1301; x_wconf 83' lang='lat' dir='ltr'><strong>capitale</strong></span> <span class='ocrx_word' id='word_1_535' title='bbox 910 1286 919 1297; x_wconf 86' lang='lat' dir='ltr'><strong>a</strong></span> <span class='ocrx_word' id='word_1_536' title='bbox 927 1281 982 1297; x_wconf 88' lang='lat' dir='ltr'><strong>radice</strong></span> 
     </span>
     <span class='ocr_line' id='line_1_91' title="bbox 604 1305 982 1327; baseline 0.003 -6"><span class='ocrx_word' id='word_1_537' title='bbox 604 1306 670 1326; x_wconf 80' lang='lat' dir='ltr'><strong>peccati,</strong></span> <span class='ocrx_word' id='word_1_538' title='bbox 684 1305 759 1326; x_wconf 74' lang='lat' dir='ltr'><strong>quoniam</strong></span> <span class='ocrx_word' id='word_1_539' title='bbox 774 1305 819 1321; x_wconf 86' lang='lat' dir='ltr'><strong>radix</strong></span> <span class='ocrx_word' id='word_1_540' title='bbox 834 1306 897 1327; x_wconf 77' lang='lat' dir='ltr'><strong>proprie</strong></span> <span class='ocrx_word' id='word_1_541' title='bbox 912 1311 944 1322; x_wconf 87' lang='lat' dir='ltr'><strong>uon</strong></span> <span class='ocrx_word' id='word_1_542' title='bbox 957 1309 982 1322; x_wconf 84' lang='lat' dir='ltr'><strong>est</strong></span> 
     </span>
     <span class='ocr_line' id='line_1_92' title="bbox 603 1330 981 1351; baseline 0.003 -5"><span class='ocrx_word' id='word_1_543' title='bbox 603 1332 687 1351; x_wconf 80' lang='lat' dir='ltr'><strong>peccatum</strong></span> <span class='ocrx_word' id='word_1_544' title='bbox 704 1330 746 1346; x_wconf 83' lang='lat' dir='ltr'><strong>sicut</strong></span> <span class='ocrx_word' id='word_1_545' title='bbox 762 1330 830 1351; x_wconf 80' lang='lat' dir='ltr'><strong>capitale</strong></span> <span class='ocrx_word' id='word_1_546' title='bbox 847 1333 936 1351; x_wconf 66' lang='lat' dir='ltr'><strong>peccatum,</strong></span> <span class='ocrx_word' id='word_1_547' title='bbox 954 1331 981 1347; x_wconf 85' lang='lat' dir='ltr'><strong>Sic</strong></span> 
     </span>
    </p>
   </div>
  </div>
 </body>
</html>
