1083 1563
213 122 243 139 ¹26

277 127 389 139 cummanum(
400 127 416 139 m
426 127 483 139 onmem
494 126 514 138 Ab
525 126 566 137 1)ιὲῦί
577 125 688 138 ΜΝΞΙΒΕΒΑΤΙΑ)
699 127 798 139 τπιζοιοῡιεΛ,
806 132 827 134 -
834 127 869 139 ΑΜ.
876 127 930 138 xxxvn

212 170 311 190 contingunt*
319 170 337 186 Et
346 170 382 186 talia
390 174 418 191 per
426 169 488 190 species
496 171 586 185 concreatus
594 168 606 184 Α
615 171 631 184 et
639 169 655 184 in
662 169 721 185 talibus
731 171 797 185 eventus
809 169 859 186 futuri
870 169 963 190 frequenter
973 173 991 185 se

212 195 317 215 prmagnoscit
328 195 390 210 daimon
403 194 454 210 multo
468 194 526 209 melius
538 198 586 214 quam

211 219 305 239 astrologusy
318 219 366 235 etiam
381 218 515 235 certitudinaliter
530 222 534 233 z
549 218 587 238 quia

211 244 263 259 omnis
272 243 339 260 effectus
348 244 364 259 iu
372 248 420 259 causa
430 248 459 259 sua
468 243 542 263 cognosci
553 244 586 263 pot-

211 270 235 284 est
246 270 293 289 prout
304 268 419 284 determinatur
430 268 446 283 in
457 272 480 283 ea,
488 267 523 283 Alia
532 269 586 283 aufem

211 294 248 308 sunt
259 293 312 309 futura
322 298 358 314 quae
368 293 391 308 sic
403 293 418 308 in
430 292 482 308 causis
493 292 526 308 suis
536 292 586 307 deter-

211 317 298 336 minantur,
309 319 326 333 ut
337 322 356 333 ex
366 318 389 333 eis
399 316 500 338 frequentius
510 316 555 334 fiant,
564 318 586 331 ta-

211 346 248 357 men
260 342 275 357 in
289 342 346 358 minori
359 344 402 362 parte
413 342 483 357 deficere
494 341 556 362 possint
566 345 586 356 ex

211 368 255 387 parte
267 367 328 387 agentis
341 369 368 382 aut
380 366 483 387 recipientis;
496 368 512 381 et
526 366 546 381 de
561 365 586 381 his

210 395 242 407 non
254 391 371 407 certitudinalis
383 391 410 407 sed
422 390 535 411 conjecturalis
548 395 586 411 prae-

210 416 281 436 cognitio
288 418 340 436 potest
350 416 405 431 haberi
415 420 418 431 ι
427 417 443 431 et
452 415 468 431 in
480 415 510 431 hac
520 419 585 435 quoque

210 442 248 456 aunt
255 441 336 456 daemones
344 440 452 456 subtilissimi.
460 440 495 456 Alia
503 444 540 455 vero
550 444 585 460 quae

615 193 662 209 hahet
670 194 689 209 ad
697 194 778 210 somnium
790 199 818 215 per
827 194 911 213 accidens;
919 193 991 214 quaudo-

615 222 646 238 que
654 220 707 234 tamen
715 220 739 234 est
746 219 827 234 somnium
835 219 899 239 signum
907 218 958 234 futuri
965 220 992 234 :et

615 242 645 259 hoe
657 243 748 263 dupliciter⁴
761 243 795 259 Uno
807 243 860 262 modo,
873 248 893 259 ex
905 245 950 264 parte
963 242 991 258 ill·

615 272 650 287 quas
665 268 772 288 cognitionem
787 273 796 283 a
811 272 878 289 corpore
892 267 960 288 accepit,
973 267 991 282 in

615 296 662 312 quam
678 292 747 308 coelestis
762 292 833 313 corporis
848 292 898 308 virtus
911 291 991 312 imprimi—

615 318 645 331 tur,
658 316 680 332 Ex
693 316 763 332 motibus
776 317 819 332 enim
832 316 921 332 coelestium
934 320 991 336 corpo-

614 345 650 356 rum
666 341 779 362 relinquuntur
790 341 862 362 quaedam
876 341 990 361 impressiones

614 367 629 381 et
641 368 698 384 motus,
710 371 745 386 quae
756 368 793 381 sunt
804 366 849 386 signa
860 367 933 381 motuum
944 365 991 381 ccele-

614 390 669 409 stium,
678 390 694 406 in
702 390 805 406 inferioribus
812 395 816 410 3
824 392 840 406 et
848 392 895 411 prout
902 390 929 406 isti
937 392 990 406 motus

614 415 681 430 veniunt
691 415 711 430 ad
722 415 858 435 imnginationem,
867 415 957 435 figurantur
967 414 990 430 ihi

615 439 691 459 imagines
702 439 767 455 illorum
777 439 866 455 effectuum
877 439 896 455 ad
907 443 948 460 qnos
958 439 991 455 dis-

210 469 242 481 non
258 465 317 481 habent
329 470 386 481 causas
398 465 512 480 determinatas
526 464 553 480 sed
566 464 585 480 ad
593 464 604 479 B
614 466 676 484 ponunt
686 466 738 480 motus
748 464 827 482 eoelestes,
835 464 923 480 secundum
934 464 991 479 simili-

210 489 306 505 utrumlibet
313 490 429 509 contingentes,
435 494 444 505 a
452 489 486 505 solo
496 489 527 504 Deo
535 490 551 504 et
559 488 585 504 cui

211 514 245 535 ipse
252 514 322 530 revelare
328 514 401 532 voluerit,
408 514 542 535 praesciuntur1et
551 513 586 529 ideo

211 539 238 559 qui
246 539 284 554 talia
292 539 344 554 futura
354 539 460 559 praenumiare
470 540 558 556 assumunt,
566 538 586 553 ab

210 563 313 584 usurpatione
319 563 368 579 divini
374 565 418 579 actus
425 563 526 584 appellantur
530 562 585 578 divini.

231 588 308 608 Denique,
321 593 340 604 ea
351 593 387 608 quae
398 588 479 603 daemones
494 587 519 603 vel
534 587 586 607 angeli

211 612 304 628 hominihus
312 612 388 631 revelant,
397 612 468 628 revelant
478 617 507 633 per
517 612 587 632 applica-

211 637 271 653 tionem
281 637 347 653 luminis
359 637 384 653 sui
396 637 415 653 ad
428 637 544 657 phantasmata,
555 641 586 652 nun

212 666 229 677 se
236 661 328 682 objiciendo
338 662 402 680 animae,
410 662 452 677 sicut
463 666 491 682 per
502 661 586 682 speculum

211 691 229 702 ea
240 691 276 707 quae
287 686 302 701 in
316 686 382 707 speculo
395 688 432 702 sunt
445 686 520 701 ridentur
533 690 536 701 ι
549 685 587 706 quia

211 711 265 726 anima
276 711 292 726 in
303 711 332 726 hac
342 711 375 726 vita
385 715 417 726 non
427 710 508 730 cognoscit
518 710 549 725 nisi
559 714 588 730 per

212 735 334 751 conversionem
343 735 363 751 ad
374 735 488 756 phantasmata,
497 737 514 750 ut
523 734 587 750 Thomas

614 489 686 504 tudinem
705 489 756 509 magis
774 491 802 504 aut
820 489 874 504 minus
891 493 990 509 expressam,

614 515 662 534 prout
678 513 729 529 virtus
746 514 841 534 imprimens
857 515 882 529 est
896 513 958 532 fortior,
973 515 991 529 et

614 538 694 559 recipiens
706 538 756 558 magis
768 538 851 559 disposita,
862 540 910 559 atque
922 538 943 554 ab
953 538 990 554 aliis

614 563 746 583 occupationibus
759 563 809 583 magis
821 563 887 584 quieta:
898 565 914 578 et
925 563 960 578 ideo
973 563 990 578 in

614 589 666 605 nocie,
678 588 766 608 praesertim
778 587 820 603 circa
830 587 935 608 digestionem
947 592 990 603 com-

615 612 679 632 pletam,
686 612 724 628 talia
731 612 781 632 magis
789 612 885 628 sentiuntur*
893 612 918 628 Sic
925 616 991 633 quoque

614 637 690 652 animalia
702 637 781 657 quaedam,
793 637 847 652 futura
857 637 910 657 aliqua
921 639 991 653 noscunt

614 663 630 677 ct
645 661 725 680 nuntiant,
738 663 785 682 prout
798 661 818 677 ad
832 661 882 677 vitam
896 666 952 677 eornm
966 662 991 677 eis

615 686 723 701 necessarium
735 688 760 702 est
772 691 776 701 ι
789 686 925 707 quemadmodum
937 686 991 707 pisces

615 710 685 726 motibus
697 710 730 726 suis
745 712 856 731 tempestatem
869 711 938 726 futuram
951 710 991 726 insi-

615 737 669 751 nuant.
679 735 752 751 Secundo
760 735 812 753 modo,
821 737 869 755 prout
876 735 929 751 anima
938 740 947 750 a
957 735 991 751 Deo

211 762 288 780 apparet;
301 764 330 775 nec
342 759 390 775 etiam
403 759 442 775 tales
457 759 524 780 speeies,
536 764 586 780 quum
595 760 606 776 C
615 760 640 775 vel
648 760 708 780 angelis
716 764 745 780 per
753 760 854 775 influentiam
863 759 928 775 luminis
936 760 991 780 cogni-

212 785 244 800 sint
256 784 385 802 universaliores,
399 784 521 805 proportionatae
533 786 587 800 essent

212 809 274 825 animae.
284 809 313 825 Sed
324 809 410 830 dupliciter
420 810 472 830 potest
480 809 552 829 angelus,
561 809 587 824 bo-

212 839 242 850 nus
252 834 277 850 vel
289 834 346 852 malus,
358 834 393 849 sine
404 834 483 849 creatione
495 838 540 849 novae
552 838 587 854 spe-

212 859 249 877 ciei,
256 859 318 879 aliquid
326 858 400 874 intimare
410 863 413 874 z
422 858 447 874 vel
457 863 485 879 per
496 858 587 874 illustratio-

212 888 249 899 nem
261 883 360 904 praedictam,
368 883 393 899 vel
405 883 453 899 etiam
464 887 513 899 novas
524 883 586 903 species

212 908 229 924 in
240 908 353 928 imaginatione
364 907 448 923 formando
459 907 547 923 secundum
558 907 586 923 ali-

211 937 257 953 quam
268 932 416 948 transmutationem
428 932 532 953 corporalem.

231 957 279 973 Porro
286 957 306 973 de
313 957 412 972 divinatione
419 962 454 977 qum
462 956 482 972 fit
489 957 505 972 in
514 956 586 975 somniis,

211 982 295 997 sciendum
310 981 352 1002 quod
367 982 465 997 reducuntur
480 981 587 997 divinationes

211 1006 251 1022 tales
259 1006 274 1021 in
283 1006 337 1026 aliqua
346 1006 391 1026 signa
400 1006 425 1021 vel
435 1011 491 1021 causas
500 1006 585 1021 naturales.

212 1031 244 1047 Hoc
255 1032 309 1047 nutem
320 1030 399 1051 contingit
409 1030 500 1051 dupliciter*
510 1030 543 1046 [no
555 1035 587 1046 mo-

615 785 675 800 tionem
689 785 748 805 accipit
763 789 766 800 :
780 784 806 800 cui
821 786 864 800 tanto
878 784 992 800 vehementius

615 809 704 830 copulatur,
716 811 776 830 quanto
785 809 805 824 ab
817 809 922 825 exterioribus
933 811 991 825 cessat.

616 834 634 849 Et
645 834 693 854 igitur
704 834 720 849 in
730 838 787 849 somno
797 835 875 849 nocturno
885 833 993 849 revelationes

615 858 685 879 amplius
693 858 761 876 fiunt‚in
769 858 801 874 illis
809 858 893 879 potissime
900 858 928 879 qui
935 863 993 874 sensn-

615 883 664 898 alitati
676 883 783 898 dominantur*
792 883 831 898 Nam
842 887 875 903 quo
885 887 940 898 eorum
951 883 993 898 ima>

615 907 675 928 ginatio
690 907 778 923 intellectui
793 907 844 927 magis
859 907 918 926 obedit,
930 911 949 923 eo
963 912 993 923 ex-

615 931 702 952 pressiores
720 932 835 947 similitudines
853 932 900 952 capit.
915 932 959 947 Unde
975 934 993 947 et

615 956 682 972 virtutes
692 956 765 974 morales¹
775 956 844 972 maxime
854 958 908 972 autem
920 956 991 975 castitas.

615 981 703 997 secundum
711 981 797 996 Averroem
805 981 874 1001 septimo
881 980 992 1001 Physicorum,

614 1006 634 1021 ad
644 1005 674 1021 hoc
685 1005 754 1021 maxime
764 1005 826 1025 juvant*
837 1005 921 1026 Propterea
932 1005 993 1021 Aristo-

615 1030 654 1046 teies
667 1030 683 1046 in
695 1030 736 1046 libro
748 1030 768 1045 de
780 1030 840 1046 Somno
852 1032 868 1046 et
879 1029 933 1050 vigilia
945 1030 992 1049 dicit,

212 1056 238 1074 do,
243 1055 259 1071 in
267 1055 292 1071 his
300 1060 368 1076 quorum
377 1060 424 1071 causa
432 1057 456 1070 est
463 1055 479 1070 in
488 1055 586 1075 somniante;
594 1055 606 1070 D
615 1055 657 1075 qnod
669 1055 775 1070 divinationes
787 1059 823 1075 qum
835 1054 851 1070 in
863 1054 930 1070 somniis
942 1054 992 1073 fiunt,

212 1082 228 1096 et
239 1080 269 1096 hoc
281 1080 379 1100 dupliciter:
388 1080 425 1100 quia
436 1079 461 1095 vel
473 1080 553 1095 somnium
563 1082 587 1095 est

212 1109 261 1121 eausa
272 1106 340 1120 eventus
351 1104 407 1122 futuri,
415 1104 457 1119 sicut
466 1104 504 1119 dum
516 1104 552 1124 quis
560 1104 588 1120 ali-

212 1129 251 1150 quid
266 1128 305 1144 facit
320 1131 385 1149 propter
400 1129 416 1144 id
431 1128 474 1149 quod
489 1129 587 1148 somuiavit3

212 1154 237 1169 vel
254 1155 279 1169 est
294 1153 358 1173 siguum
374 1153 423 1168 futuri
440 1153 487 1173 cujus
502 1157 550 1168 causa
564 1155 588 1169 est

213 1178 229 1194 in
242 1178 282 1199 ipso,
295 1180 313 1194 ut
325 1178 363 1193 dum
376 1177 413 1198 quis
425 1177 494 1193 somniat
506 1182 522 1193 se
534 1177 588 1193 dulcia

213 1203 302 1221 comedere,
311 1202 412 1225 significatur
419 1202 461 1223 quod
470 1202 544 1223 phlegma
554 1202 588 1218 dul-

212 1232 230 1243 ce
243 1227 335 1243 dominetur
348 1227 364 1242 in
379 1231 398 1243 eo
411 1231 415 1242 ι
427 1227 469 1243 unde
485 1227 556 1243 medicus
568 1227 588 1243 de

212 1252 279 1268 sanitate
289 1252 314 1268 vel
326 1251 382 1268 morbo
393 1252 454 1272 aliquid
467 1252 586 1272 prrncognoscit⁴

212 1277 228 1293 Si
239 1281 276 1293 vero
289 1279 346 1292 neutro
357 1276 404 1292 modo
416 1281 432 1292 se
443 1276 506 1294 habeat,
514 1278 553 1292 tunc
564 1278 588 1292 est

212 1302 264 1318 solum
279 1306 308 1322 per
322 1301 402 1317 accidens.
416 1301 452 1317 Alio
467 1301 519 1320 modo,
531 1301 548 1317 in
563 1301 587 1317 his

211 1331 247 1349 qum
260 1331 325 1342 causam
337 1326 397 1342 habeut
410 1327 454 1341 extra
464 1326 571 1342 somniantem
583 1330 586 1342 :

615 1084 647 1095 non
658 1080 724 1095 omnino
735 1079 811 1099 neganda
822 1081 864 1095 suut*
874 1088 894 1090 —
904 1079 993 1095 Sciendum

615 1104 669 1123 etiam,
679 1104 721 1125 quod
733 1104 826 1124 imaginatio
838 1103 913 1122 hominis,
925 1105 994 1124 propter

615 1129 713 1149 multiplices
725 1130 777 1144 motus
787 1128 859 1146 rationis,
871 1128 958 1149 inquietior
965 1130 994 1144 est

615 1154 728 1174 imaginatione
739 1153 839 1169 animalium.

691 1205 813 1222 ARTIGULUS
825 1205 912 1222 XXXVII.

625 1237 649 1252 112
659 1236 746 1251 miraculis
756 1241 792 1256 quoe
800 1241 832 1255 per
841 1237 920 1251 doemonea
930 1237 980 1256 fiunt.

651 1276 786 1295 GNOSCENDEM,
799 1276 842 1297 quod
854 1276 916 1292 daemon
928 1277 992 1293 nullm-n

657 1301 734 1317 virtutem
746 1301 840 1319 naturalem,
853 1306 883 1317 nec
895 1301 993 1317 substantia-

616 1326 647 1342 lem
655 1330 684 1341 nec
695 1326 816 1345 accidentalem,
826 1326 902 1342 inducere
913 1328 964 1347 potest
974 1327 992 1343 in
